LU_ID,Land-Use,Sub Crop,PerAcreORPerCell,TopographySlopes,StreamBorder,Year,Time of Year,Frequency,Time - Cost Type ,Action - Cost Type,Fixed/Variable,Cost Name,# Labor Hours, Value ,Context and/ or Calculations ,Description,Citation,,,,,,,
1,Conventional Corn,Corn after Corn,Acre,,,1,,Annual,Preharvest,Equipment,Fixed,Chisel plow ,,$3.60 ,,,https://www.extension.iastate.edu/agdm/crops/html/a1-20.html,,,,,,,
1,Conventional Corn,Corn after Corn,Acre,,,1,,Annual,Preharvest,Equipment,Variable,Chisel plow ,,$3.90 ,,,https://www.extension.iastate.edu/agdm/crops/html/a1-20.html,,,,,,,
1,Conventional Corn,Corn after Corn,Acre,,,1,,Annual,Preharvest,Equipment,Fixed,Tandem disk ,,$4.60 ,,,https://www.extension.iastate.edu/agdm/crops/html/a1-20.html,,,,,,,
1,Conventional Corn,Corn after Corn,Acre,,,1,,Annual,Preharvest,Equipment,Variable,Tandem disk ,,$3.40 ,,,https://www.extension.iastate.edu/agdm/crops/html/a1-20.html,,,,,,,
1,Conventional Corn,Corn after Corn,Acre,,,1,,Annual,Preharvest,Equipment,Fixed,Apply nitrogen ,,$4.30 ,,,https://www.extension.iastate.edu/agdm/crops/html/a1-20.html,,,,,,,
1,Conventional Corn,Corn after Corn,Acre,,,1,,Annual,Preharvest,Equipment,Variable,Apply nitrogen ,,$4.40 ,,,https://www.extension.iastate.edu/agdm/crops/html/a1-20.html,,,,,,,
1,Conventional Corn,Corn after Corn,Acre,,,1,,Annual,Preharvest,Equipment,Fixed,Field cultivate ,,$2.70 ,,,https://www.extension.iastate.edu/agdm/crops/html/a1-20.html,,,,,,,
1,Conventional Corn,Corn after Corn,Acre,,,1,,Annual,Preharvest,Equipment,Variable,Field cultivate ,,$2.70 ,,,https://www.extension.iastate.edu/agdm/crops/html/a1-20.html,,,,,,,
1,Conventional Corn,Corn after Corn,Acre,,,1,,Annual,Preharvest,Equipment,Fixed,Plant ,,$5.90 ,,,https://www.extension.iastate.edu/agdm/crops/html/a1-20.html,,,,,,,
1,Conventional Corn,Corn after Corn,Acre,,,1,,Annual,Preharvest,Equipment,Variable,Plant ,,$4.80 ,,,https://www.extension.iastate.edu/agdm/crops/html/a1-20.html,,,,,,,
1,Conventional Corn,Corn after Corn,Acre,,,1,,Annual,Preharvest,Equipment,Fixed,Spray ,,$2.20 ,,,https://www.extension.iastate.edu/agdm/crops/html/a1-20.html,,,,,,,
1,Conventional Corn,Corn after Corn,Acre,,,1,,Annual,Preharvest,Equipment,Variable,Spray ,,$2.00 ,,,https://www.extension.iastate.edu/agdm/crops/html/a1-20.html,,,,,,,
1,Conventional Corn,Corn after Corn,Acre,,,1,,Annual,Preharvest,Input,Variable,Seed ,,$95.80 ,"$3.19/1000 kernels * 30,000 kernels/acre",,https://www.extension.iastate.edu/agdm/crops/html/a1-20.html,,,,,,,
1,Conventional Corn,Corn after Corn,Acre,,,1,,Annual,Preharvest,Input,Variable,Nitrogen ,,$70.68 ,$0.38/lb * 186 lbs/acre,,https://www.extension.iastate.edu/agdm/crops/html/a1-20.html,,,,,,,
1,Conventional Corn,Corn after Corn,Acre,,,1,,Annual,Preharvest,Input,Variable,Phosphate,,$28.56 ,$0.42/lb * 68 lbs/acre,,https://www.extension.iastate.edu/agdm/crops/html/a1-20.html,,,,,,,
1,Conventional Corn,Corn after Corn,Acre,,,1,,Annual,Preharvest,Input,Variable,Potash ,,$17.05 ,$0.31/lb * 55 lbs/acre,,https://www.extension.iastate.edu/agdm/crops/html/a1-20.html,,,,,,,
1,Conventional Corn,Corn after Corn,Acre,,,1,,Annual,Preharvest,Input,Variable,Lime ,,$5.71 ,,,https://www.extension.iastate.edu/agdm/crops/html/a1-20.html,,,,,,,
1,Conventional Corn,Corn after Corn,Acre,,,1,,Annual,Preharvest,Input,Variable,Herbicide,,$48.36 ,,,https://www.extension.iastate.edu/agdm/crops/html/a1-20.html,,,,,,,
1,Conventional Corn,Corn after Corn,Acre,,,1,,Annual,Preharvest,Input,Variable,Insecticide,,$15.16 ,,,https://www.extension.iastate.edu/agdm/crops/html/a1-20.html,,,,,,,
1,Conventional Corn,Corn after Corn,Acre,,,1,,Annual,Constant,Other,Variable,Crop Insurance,,$9.50 ,,,https://www.extension.iastate.edu/agdm/crops/html/a1-20.html,,,,,,,
1,Conventional Corn,Corn after Corn,Acre,,,1,,Annual,Constant,Other,Variable,Miscellaneous,,$10.00 ,,,https://www.extension.iastate.edu/agdm/crops/html/a1-20.html,,,,,,,
1,Conventional Corn,Corn after Corn,Acre,,,1,,Annual,Constant,Other,Variable,Interest on preharvest variable costs,,$12.88 ,6.0% for 8 months,,https://www.extension.iastate.edu/agdm/crops/html/a1-20.html,,,,,,,
1,Conventional Corn,Corn after Corn,Acre,,,1,,Annual,Harvest,Equipment,Fixed,Combine ,,$13.10 ,,,https://www.extension.iastate.edu/agdm/crops/html/a1-20.html,,,,,,,
1,Conventional Corn,Corn after Corn,Acre,,,1,,Annual,Harvest,Equipment,Variable,Combine,,$6.70 ,,,https://www.extension.iastate.edu/agdm/crops/html/a1-20.html,,,,,,,
1,Conventional Corn,Corn after Corn,Acre,,,1,,Annual,Harvest,Equipment,Fixed,Grain Cart ,,$6.30 ,,,https://www.extension.iastate.edu/agdm/crops/html/a1-20.html,,,,,,,
1,Conventional Corn,Corn after Corn,Acre,,,1,,Annual,Harvest,Equipment,Variable,Grain Cart ,,$3.00 ,,,https://www.extension.iastate.edu/agdm/crops/html/a1-20.html,,,,,,,
1,Conventional Corn,Corn after Corn,Acre,,,1,,Annual,Harvest,Equipment,Fixed ,Haul ,,$7.94 ,$0.04/bushel * 182 bushels/acre,,https://www.extension.iastate.edu/agdm/crops/html/a1-20.html,,,,,,,
1,Conventional Corn,Corn after Corn,Acre,,,1,,Annual,Harvest,Equipment,Variable,Haul ,,$6.87 ,$0.04/bushel * 182 bushels/acre,,https://www.extension.iastate.edu/agdm/crops/html/a1-20.html,,,,,,,
1,Conventional Corn,Corn after Corn,Acre,,,1,,Annual,Harvest,Equipment,Fixed ,Drying ,,$9.10 ,$0.05/bushel * 182 bushels/acre,,https://www.extension.iastate.edu/agdm/crops/html/a1-20.html,,,,,,,
1,Conventional Corn,Corn after Corn,Acre,,,1,,Annual,Harvest,Equipment,Variable ,Drying,,$30.14 ,$0.17/bushel * 182 bushels/acre,,https://www.extension.iastate.edu/agdm/crops/html/a1-20.html,,,,,,,
1,Conventional Corn,Corn after Corn,Acre,,,1,,Annual,Harvest,Equipment,Fixed,Handling ,,$3.21 ,$0.02/bushel * 182 bushels/acre,,https://www.extension.iastate.edu/agdm/crops/html/a1-20.html,,,,,,,
1,Conventional Corn,Corn after Corn,Acre,,,1,,Annual,Harvest,Equipment,Variable,Handling ,,$3.52 ,$0.02/bushel * 182 bushels/acre,,https://www.extension.iastate.edu/agdm/crops/html/a1-20.html,,,,,,,
1,Conventional Corn,Corn after Corn,Acre,,,1,1,Annual,Other,Labor,Variable,Labor - Operator,0.073684211,$1.05 ,2.8 hrs/acre * $14.25/hr * .026315789,,https://www.extension.iastate.edu/agdm/crops/html/a1-20.html,,,,,,,
1,Conventional Corn,Corn after Corn,Acre,,,1,2,Annual,Other,Labor,Variable,Labor - Operator,0.073684211,$1.05 ,2.8 hrs/acre * $14.25/hr * .026315789,,https://www.extension.iastate.edu/agdm/crops/html/a1-20.html,,,,,,,
1,Conventional Corn,Corn after Corn,Acre,,,1,3,Annual,Other,Labor,Variable,Labor - Operator,0.073684211,$1.05 ,2.8 hrs/acre * $14.25/hr * .026315789,,https://www.extension.iastate.edu/agdm/crops/html/a1-20.html,,,,,,,
1,Conventional Corn,Corn after Corn,Acre,,,1,4,Annual,Other,Labor,Variable,Labor - Operator,0.073684211,$1.05 ,2.8 hrs/acre * $14.25/hr * .026315789,,https://www.extension.iastate.edu/agdm/crops/html/a1-20.html,,,,,,,
1,Conventional Corn,Corn after Corn,Acre,,,1,5,Annual,Other,Labor,Variable,Labor - Operator,0.073684211,$1.05 ,2.8 hrs/acre * $14.25/hr * .026315789,,https://www.extension.iastate.edu/agdm/crops/html/a1-20.html,,,,,,,
1,Conventional Corn,Corn after Corn,Acre,,,1,6,Annual,Other,Labor,Variable,Labor - Operator,0.073684211,$1.05 ,2.8 hrs/acre * $14.25/hr * .026315789,,https://www.extension.iastate.edu/agdm/crops/html/a1-20.html,,,,,,,
1,Conventional Corn,Corn after Corn,Acre,,,1,7,Annual,Other,Labor,Variable,Labor - Operator,0.073684211,$1.05 ,2.8 hrs/acre * $14.25/hr * .026315789,,https://www.extension.iastate.edu/agdm/crops/html/a1-20.html,,,,,,,
1,Conventional Corn,Corn after Corn,Acre,,,1,8,Annual,Preharvest,Labor,Variable,Labor - Operator - Planting,0.221052632,$3.15 ,2.8 hrs/acre * $14.25/hr * .078947368,,https://www.extension.iastate.edu/agdm/crops/html/a1-20.html,,,,,,,
1,Conventional Corn,Corn after Corn,Acre,,,1,9,Annual,Preharvest,Labor,Variable,Labor - Operator - Application,0.221052632,$3.15 ,2.8 hrs/acre * $14.25/hr * .078947368,,https://www.extension.iastate.edu/agdm/crops/html/a1-20.html,,,,,,,
1,Conventional Corn,Corn after Corn,Acre,,,1,10,Annual,Preharvest,Labor,Variable,Labor - Operator - Application,0.221052632,$3.15 ,2.8 hrs/acre * $14.25/hr * .078947368,,https://www.extension.iastate.edu/agdm/crops/html/a1-20.html,,,,,,,
1,Conventional Corn,Corn after Corn,Acre,,,1,11,Annual,Other,Labor,Variable,Labor - Operator,0.073684211,$1.05 ,2.8 hrs/acre * $14.25/hr * .026315789,,https://www.extension.iastate.edu/agdm/crops/html/a1-20.html,,,,,,,
1,Conventional Corn,Corn after Corn,Acre,,,1,12,Annual,Other,Labor,Variable,Labor - Operator,0.073684211,$1.05 ,2.8 hrs/acre * $14.25/hr * .026315789,,https://www.extension.iastate.edu/agdm/crops/html/a1-20.html,,,,,,,
1,Conventional Corn,Corn after Corn,Acre,,,1,13,Annual,Other,Labor,Variable,Labor - Operator,0.073684211,$1.05 ,2.8 hrs/acre * $14.25/hr * .026315789,,https://www.extension.iastate.edu/agdm/crops/html/a1-20.html,,,,,,,
1,Conventional Corn,Corn after Corn,Acre,,,1,14,Annual,Other,Labor,Variable,Labor - Operator,0.073684211,$1.05 ,2.8 hrs/acre * $14.25/hr * .026315789,,https://www.extension.iastate.edu/agdm/crops/html/a1-20.html,,,,,,,
1,Conventional Corn,Corn after Corn,Acre,,,1,15,Annual,Other,Labor,Variable,Labor - Operator,0.073684211,$1.05 ,2.8 hrs/acre * $14.25/hr * .026315789,,https://www.extension.iastate.edu/agdm/crops/html/a1-20.html,,,,,,,
1,Conventional Corn,Corn after Corn,Acre,,,1,16,Annual,Other,Labor,Variable,Labor - Operator,0.073684211,$1.05 ,2.8 hrs/acre * $14.25/hr * .026315789,,https://www.extension.iastate.edu/agdm/crops/html/a1-20.html,,,,,,,
1,Conventional Corn,Corn after Corn,Acre,,,1,17,Annual,Other,Labor,Variable,Labor - Operator,0.073684211,$1.05 ,2.8 hrs/acre * $14.25/hr * .026315789,,https://www.extension.iastate.edu/agdm/crops/html/a1-20.html,,,,,,,
1,Conventional Corn,Corn after Corn,Acre,,,1,18,Annual,Other,Labor,Variable,Labor - Operator,0.073684211,$1.05 ,2.8 hrs/acre * $14.25/hr * .026315789,,https://www.extension.iastate.edu/agdm/crops/html/a1-20.html,,,,,,,
1,Conventional Corn,Corn after Corn,Acre,,,1,19,Annual,Harvest,Labor,Variable,Labor - Operator - Harvest,0.221052632,$3.15 ,2.8 hrs/acre * $14.25/hr * .078947368,,https://www.extension.iastate.edu/agdm/crops/html/a1-20.html,,,,,,,
1,Conventional Corn,Corn after Corn,Acre,,,1,20,Annual,Harvest,Labor,Variable,Labor - Operator - Harvest,0.221052632,$3.15 ,2.8 hrs/acre * $14.25/hr * .078947368,,https://www.extension.iastate.edu/agdm/crops/html/a1-20.html,,,,,,,
1,Conventional Corn,Corn after Corn,Acre,,,1,21,Annual,Harvest,Labor,Variable,Labor - Operator - Harvest,0.221052632,$3.15 ,2.8 hrs/acre * $14.25/hr * .078947368,,https://www.extension.iastate.edu/agdm/crops/html/a1-20.html,,,,,,,
1,Conventional Corn,Corn after Corn,Acre,,,1,22,Annual,Harvest,Labor,Variable,Labor - Operator - Harvest,0.221052632,$3.15 ,2.8 hrs/acre * $14.25/hr * .078947368,,https://www.extension.iastate.edu/agdm/crops/html/a1-20.html,,,,,,,
1,Conventional Corn,Corn after Corn,Acre,,,1,23,Annual,Other,Labor,Variable,Labor - Operator,0.073684211,$1.05 ,2.8 hrs/acre * $14.25/hr * .026315789,,https://www.extension.iastate.edu/agdm/crops/html/a1-20.html,,,,,,,
1,Conventional Corn,Corn after Corn,Acre,,,1,24,Annual,Other,Labor,Variable,Labor - Operator,0.073684211,$1.05 ,2.8 hrs/acre * $14.25/hr * .026315789,,https://www.extension.iastate.edu/agdm/crops/html/a1-20.html,,,,,,,
1,Conventional Corn,Corn after Corn,Acre,,,1,,Annual,Other,Other,Fixed,Cash Rent Equivalent ,,$223.00 ,$223/acre,,https://www.extension.iastate.edu/agdm/crops/html/a1-20.html,,,,,,,
1,Conventional Corn,Corn after Soybean,Acre,,,1,,Annual,Preharvest,Equipment,Fixed,Tandem disk ,,$4.60 ,,,https://www.extension.iastate.edu/agdm/crops/html/a1-20.html,Field Name,,,,Expected Yield ,198, bu./acre
1,Conventional Corn,Corn after Soybean,Acre,,,1,,Annual,Preharvest,Equipment,Variable,Tandem disk ,,$3.40 ,,,https://www.extension.iastate.edu/agdm/crops/html/a1-20.html,Example,,,,Acres ,100,
1,Conventional Corn,Corn after Soybean,Acre,,,1,,Annual,Preharvest,Equipment,Fixed,Apply nitrogen ,,$4.30 ,,,https://www.extension.iastate.edu/agdm/crops/html/a1-20.html,,,,,,,
1,Conventional Corn,Corn after Soybean,Acre,,,1,,Annual,Preharvest,Equipment,Variable,Apply nitrogen ,,$4.40 ,,,https://www.extension.iastate.edu/agdm/crops/html/a1-20.html,,,,Cost per Acre,,,Total Cost
1,Conventional Corn,Corn after Soybean,Acre,,,1,,Annual,Preharvest,Equipment,Fixed,Field cultivate ,,$2.70 ,,,https://www.extension.iastate.edu/agdm/crops/html/a1-20.html,Preharvest machinery ,,,Fixed,Variable,Total,All Acres
1,Conventional Corn,Corn after Soybean,Acre,,,1,,Annual,Preharvest,Equipment,Variable,Field cultivate ,,$2.70 ,,,https://www.extension.iastate.edu/agdm/crops/html/a1-20.html,Tandem disk,,,$4.60 ,$3.40 ,$8.00 ,$0 
1,Conventional Corn,Corn after Soybean,Acre,,,1,,Annual,Preharvest,Equipment,Fixed,Plant ,,$5.90 ,,,https://www.extension.iastate.edu/agdm/crops/html/a1-20.html,Apply nitrogen,,,$4.30 ,$4.40 ,$8.70 ,$0 
1,Conventional Corn,Corn after Soybean,Acre,,,1,,Annual,Preharvest,Equipment,Variable,Plant ,,$4.80 ,,,https://www.extension.iastate.edu/agdm/crops/html/a1-20.html,Field cultivate,,,$2.70 ,$2.70 ,$5.40 ,$0 
1,Conventional Corn,Corn after Soybean,Acre,,,1,,Annual,Preharvest,Equipment,Fixed,Spray ,,$2.20 ,,,https://www.extension.iastate.edu/agdm/crops/html/a1-20.html,Plant,,,$5.90 ,$4.80 ,$10.70 ,$0 
1,Conventional Corn,Corn after Soybean,Acre,,,1,,Annual,Preharvest,Equipment,Variable,Spray ,,$2.00 ,,,https://www.extension.iastate.edu/agdm/crops/html/a1-20.html,Spray,,,$2.20 ,$2.00 ,$4.20 ,$0 
1,Conventional Corn,Corn after Soybean,Acre,,,1,,Annual,Preharvest,Input,Variable,Seed ,,$95.80 ,"$3.19/1000 kernels * 30,000 kernels/acre",,https://www.extension.iastate.edu/agdm/crops/html/a1-20.html,Custom hire,,,$0.00 ,$0.00 ,$0.00 ,$0 
1,Conventional Corn,Corn after Soybean,Acre,,,1,,Annual,Preharvest,Input,Variable,Nitrogen,,$49.78 ,$0.38/lb * 131 lbs/acre,,https://www.extension.iastate.edu/agdm/crops/html/a1-20.html,Other,,,$0.00 ,$0.00 ,$0.00 ,$0 
1,Conventional Corn,Corn after Soybean,Acre,,,1,,Annual,Preharvest,Input,Variable,Phosphate ,,$31.08 ,$0.42/lb * 74 lbs/acre,,https://www.extension.iastate.edu/agdm/crops/html/a1-20.html,Other,,,$0.00 ,$0.00 ,$0.00 ,$0 
1,Conventional Corn,Corn after Soybean,Acre,,,1,,Annual,Preharvest,Input,Variable,Potash ,,$18.29 ,$0.31/lb * 59 lbs/acre,,https://www.extension.iastate.edu/agdm/crops/html/a1-20.html,    Total per acre,,,$19.70 ,$17.30 ,$37.00 ,$0 
1,Conventional Corn,Corn after Soybean,Acre,,,1,,Annual,Preharvest,Input,Variable,Lime,,$5.71 ,,,https://www.extension.iastate.edu/agdm/crops/html/a1-20.html,    Total all acres,,,$0 ,$0 ,$0 ,----  
1,Conventional Corn,Corn after Soybean,Acre,,,1,,Annual,Preharvest,Input,Variable,Herbicide ,,$48.36 ,,,https://www.extension.iastate.edu/agdm/crops/html/a1-20.html,,,,,,,
1,Conventional Corn,Corn after Soybean,Acre,,,1,,Annual,Constant,Other,Variable,Crop Insurance,,$9.50 ,,,https://www.extension.iastate.edu/agdm/crops/html/a1-20.html,"Seed, chemicals, etc.",,,,,, 
1,Conventional Corn,Corn after Soybean,Acre,,,1,,Annual,Constant,Other,Variable,Miscellaneous,,$10.00 ,,,https://www.extension.iastate.edu/agdm/crops/html/a1-20.html,  Seed,,,----  ,$95.80 ,$95.80 ,$0 
1,Conventional Corn,Corn after Soybean,Acre,,,1,,Annual,Harvest,Equipment,Fixed,Combine ,,$13.10 ,,,https://www.extension.iastate.edu/agdm/crops/html/a1-20.html,    cost per 1000 kernels,,$3.19 ,,,, 
1,Conventional Corn,Corn after Soybean,Acre,,,1,,Annual,Harvest,Equipment,Variable,Combine ,,$6.70 ,,,https://www.extension.iastate.edu/agdm/crops/html/a1-20.html,    kernels per acre,,"30,000",,,, 
1,Conventional Corn,Corn after Soybean,Acre,,,1,,Annual,Harvest,Equipment,Fixed,Grain Cart ,,$6.30 ,,,https://www.extension.iastate.edu/agdm/crops/html/a1-20.html,  Nitrogen,,,----  ,$49.78 ,$49.78 ,$0 
1,Conventional Corn,Corn after Soybean,Acre,,,1,,Annual,Harvest,Equipment,Variable,Grain Cart ,,$3.00 ,,,https://www.extension.iastate.edu/agdm/crops/html/a1-20.html,    price per pound,,$0.38 ,,,, 
1,Conventional Corn,Corn after Soybean,Acre,,,1,,Annual,Harvest,Equipment,Fixed,Haul,,$8.64 ,$0.04/bushel * 198 bushels/acre,,https://www.extension.iastate.edu/agdm/crops/html/a1-20.html,    pounds per acre,,131,,,, 
1,Conventional Corn,Corn after Soybean,Acre,,,1,,Annual,Harvest,Equipment,Variable,Haul ,,$7.47 ,$0.04/bushel * 198 bushels/acre,,https://www.extension.iastate.edu/agdm/crops/html/a1-20.html,  Phosphate,,,----  ,$31.08 ,$31.08 ,$0 
1,Conventional Corn,Corn after Soybean,Acre,,,1,,Annual,Harvest,Equipment,Fixed,Drying ,,$9.90 ,$0.05/bushel * 198 bushels/acre,,https://www.extension.iastate.edu/agdm/crops/html/a1-20.html,    price per pound,,$0.42 ,,,, 
1,Conventional Corn,Corn after Soybean,Acre,,,1,,Annual,Harvest,Equipment,Variable,Drying ,,$32.79 ,$0.17/bushel * 198 bushels/acre,,https://www.extension.iastate.edu/agdm/crops/html/a1-20.html,    pounds per acre,,74,,,, 
1,Conventional Corn,Corn after Soybean,Acre,,,1,,Annual,Harvest,Equipment,Fixed,Handling ,,$3.49 ,$0.02/bushel * 198 bushels/acre,,https://www.extension.iastate.edu/agdm/crops/html/a1-20.html,  Potash,,,----  ,$18.29 ,$18.29 ,$0 
1,Conventional Corn,Corn after Soybean,Acre,,,1,,Annual,Harvest,Equipment,Variable,Handling ,,$3.83 ,$0.02/bushel * 198 bushels/acre,,https://www.extension.iastate.edu/agdm/crops/html/a1-20.html,    price per pound,,$0.31 ,,,, 
1,Conventional Corn,Corn after Soybean,Acre,,,1,1,Annual,Constant,Labor,Variable,Labor - Operator,0.067105263,$0.96 ,2.55 hrs/acre * $14.25/hr * .026315789,,https://www.extension.iastate.edu/agdm/crops/html/a1-20.html,    pounds per acre,,59,,,, 
1,Conventional Corn,Corn after Soybean,Acre,,,1,2,Annual,Constant,Labor,Variable,Labor - Operator,0.067105263,$0.96 ,2.55 hrs/acre * $14.25/hr * .026315789,,https://www.extension.iastate.edu/agdm/crops/html/a1-20.html,  Lime (annual cost),,,----  ,$5.71 ,$5.71 ,$0 
1,Conventional Corn,Corn after Soybean,Acre,,,1,3,Annual,Constant,Labor,Variable,Labor - Operator,0.067105263,$0.96 ,2.55 hrs/acre * $14.25/hr * .026315789,,https://www.extension.iastate.edu/agdm/crops/html/a1-20.html,  Herbicide,,,----  ,$48.36 ,$48.36 ,$0 
1,Conventional Corn,Corn after Soybean,Acre,,,1,4,Annual,Constant,Labor,Variable,Labor - Operator,0.067105263,$0.96 ,2.55 hrs/acre * $14.25/hr * .026315789,,https://www.extension.iastate.edu/agdm/crops/html/a1-20.html,  Crop insurance,,,----  ,$9.50 ,$9.50 ,$0 
1,Conventional Corn,Corn after Soybean,Acre,,,1,5,Annual,Constant,Labor,Variable,Labor - Operator,0.067105263,$0.96 ,2.55 hrs/acre * $14.25/hr * .026315789,,https://www.extension.iastate.edu/agdm/crops/html/a1-20.html,  Miscellaneous,,,----  ,$10.00 ,$10.00 ,$0 
1,Conventional Corn,Corn after Soybean,Acre,,,1,6,Annual,Constant,Labor,Variable,Labor - Operator,0.067105263,$0.96 ,2.55 hrs/acre * $14.25/hr * .026315789,,https://www.extension.iastate.edu/agdm/crops/html/a1-20.html,  Interest on preharvest variable costs,,,----  ,$11.43 ,$11.43 ,$0 
1,Conventional Corn,Corn after Soybean,Acre,,,1,7,Annual,Constant,Labor,Variable,Labor - Operator,0.067105263,$0.96 ,2.55 hrs/acre * $14.25/hr * .026315789,,https://www.extension.iastate.edu/agdm/crops/html/a1-20.html,    length of period (months),,8,,,, 
1,Conventional Corn,Corn after Soybean,Acre,,,1,8,Annual,Preharvest,Labor,Variable,Labor - Operator - Planting,0.201315789,$2.87 ,2.55 hrs/acre * $14.25/hr * .078947368,,https://www.extension.iastate.edu/agdm/crops/html/a1-20.html,    interest rate,,6.00%,,,             ,             
1,Conventional Corn,Corn after Soybean,Acre,,,1,9,Annual,Preharvest,Labor,Variable,Labor - Operator - Application,0.201315789,$2.87 ,2.55 hrs/acre * $14.25/hr * .078947368,,https://www.extension.iastate.edu/agdm/crops/html/a1-20.html,      Total,,,----,$279.95 ,$279.95 ,$0 
1,Conventional Corn,Corn after Soybean,Acre,,,1,10,Annual,Preharvest,Labor,Variable,Labor - Operator - Application,0.201315789,$2.87 ,2.55 hrs/acre * $14.25/hr * .078947368,,https://www.extension.iastate.edu/agdm/crops/html/a1-20.html,,,,,,, 
1,Conventional Corn,Corn after Soybean,Acre,,,1,11,Annual,Constant,Labor,Variable,Labor - Operator,0.067105263,$0.96 ,2.55 hrs/acre * $14.25/hr * .026315789,,https://www.extension.iastate.edu/agdm/crops/html/a1-20.html,Harvest machinery,,,,,, 
1,Conventional Corn,Corn after Soybean,Acre,,,1,12,Annual,Constant,Labor,Variable,Labor - Operator,0.067105263,$0.96 ,2.55 hrs/acre * $14.25/hr * .026315789,,https://www.extension.iastate.edu/agdm/crops/html/a1-20.html,Combine,,,$13.10 ,$6.70 ,$19.80 ,$0 
1,Conventional Corn,Corn after Soybean,Acre,,,1,13,Annual,Constant,Labor,Variable,Labor - Operator,0.067105263,$0.96 ,2.55 hrs/acre * $14.25/hr * .026315789,,https://www.extension.iastate.edu/agdm/crops/html/a1-20.html,Grain Cart,,,$6.30 ,$3.00 ,$9.30 ,$0 
1,Conventional Corn,Corn after Soybean,Acre,,,1,14,Annual,Constant,Labor,Variable,Labor - Operator,0.067105263,$0.96 ,2.55 hrs/acre * $14.25/hr * .026315789,,https://www.extension.iastate.edu/agdm/crops/html/a1-20.html,Haul,,,$8.64 ,$7.47 ,$16.11 ,$0 
1,Conventional Corn,Corn after Soybean,Acre,,,1,15,Annual,Constant,Labor,Variable,Labor - Operator,0.067105263,$0.96 ,2.55 hrs/acre * $14.25/hr * .026315789,,https://www.extension.iastate.edu/agdm/crops/html/a1-20.html,    Fixed- price per bushel,,$0.04 ,,,,
1,Conventional Corn,Corn after Soybean,Acre,,,1,16,Annual,Constant,Labor,Variable,Labor - Operator,0.067105263,$0.96 ,2.55 hrs/acre * $14.25/hr * .026315789,,https://www.extension.iastate.edu/agdm/crops/html/a1-20.html,    Variable- price per bushel,,$0.04 ,,,,
1,Conventional Corn,Corn after Soybean,Acre,,,1,17,Annual,Constant,Labor,Variable,Labor - Operator,0.067105263,$0.96 ,2.55 hrs/acre * $14.25/hr * .026315789,,https://www.extension.iastate.edu/agdm/crops/html/a1-20.html,Drying,,,$9.90 ,$32.79 ,$42.69 ,$0 
1,Conventional Corn,Corn after Soybean,Acre,,,1,18,Annual,Constant,Labor,Variable,Labor - Operator,0.067105263,$0.96 ,2.55 hrs/acre * $14.25/hr * .026315789,,https://www.extension.iastate.edu/agdm/crops/html/a1-20.html,    Fixed- price per bushel,,$0.05 ,,,,
1,Conventional Corn,Corn after Soybean,Acre,,,1,19,Annual,Harvest,Labor,Variable,Labor - Operator - Harvest,0.201315789,$2.87 ,2.55 hrs/acre * $14.25/hr * .078947368,,https://www.extension.iastate.edu/agdm/crops/html/a1-20.html,    Variable- price per bushel,,$0.17 ,,,,
1,Conventional Corn,Corn after Soybean,Acre,,,1,20,Annual,Harvest,Labor,Variable,Labor - Operator - Harvest,0.201315789,$2.87 ,2.55 hrs/acre * $14.25/hr * .078947368,,https://www.extension.iastate.edu/agdm/crops/html/a1-20.html,Handling,,,$3.49 ,$3.83 ,$7.32 ,$0 
1,Conventional Corn,Corn after Soybean,Acre,,,1,21,Annual,Harvest,Labor,Variable,Labor - Operator - Harvest,0.201315789,$2.87 ,2.55 hrs/acre * $14.25/hr * .078947368,,https://www.extension.iastate.edu/agdm/crops/html/a1-20.html,    Fixed- price per bushel,,$0.02 ,,,,
1,Conventional Corn,Corn after Soybean,Acre,,,1,22,Annual,Harvest,Labor,Variable,Labor - Operator - Harvest,0.201315789,$2.87 ,2.55 hrs/acre * $14.25/hr * .078947368,,https://www.extension.iastate.edu/agdm/crops/html/a1-20.html,    Variable- price per bushel,,$0.02 ,,,,
1,Conventional Corn,Corn after Soybean,Acre,,,1,23,Annual,Constant,Labor,Variable,Labor - Operator,0.067105263,$0.96 ,2.55 hrs/acre * $14.25/hr * .026315789,,https://www.extension.iastate.edu/agdm/crops/html/a1-20.html,Custom hire,,,$0.00 ,$0.00 ,$0.00 ,$0 
1,Conventional Corn,Corn after Soybean,Acre,,,1,24,Annual,Constant,Labor,Variable,Labor - Operator,0.067105263,$0.96 ,2.55 hrs/acre * $14.25/hr * .026315789,,https://www.extension.iastate.edu/agdm/crops/html/a1-20.html,    Total per acre,,,$41.43 ,$53.79 ,$95.22 ,$0 
1,Conventional Corn,Corn after Soybean,Acre,,,1,,Annual,Constant,Other,Fixed,Cash Rent Equivalent ,,$223.00 ,$223/acre,,https://www.extension.iastate.edu/agdm/crops/html/a1-20.html,    Total all acres,,,$0 ,$0 ,$0 ,----  
15,Mixed Fruits & Vegetables,Grapes (Conventional),,,,1,,,Establishment,Custom,Variable,Drainage Tile Installation - Custom,,"$4,360.00 ",,,http://publications.dyson.cornell.edu/outreach/extensionpdf/2014/Cornell-Dyson-eb1401.pdf,,,,,,,
15,Mixed Fruits & Vegetables,Grapes (Conventional),,,,1,,,Establishment,Input,Variable,Lime (2 tons/acre) - Material Costs,,$90.00 ,,,http://publications.dyson.cornell.edu/outreach/extensionpdf/2014/Cornell-Dyson-eb1401.pdf,,,,,,,
15,Mixed Fruits & Vegetables,Grapes (Conventional),,,,1,https://extension.umn.edu/fruit/growing-grapes-home-garden,,Establishment,Input,Variable,Lime (2 tons/acre) - Custom,,$10.00 ,,,http://publications.dyson.cornell.edu/outreach/extensionpdf/2014/Cornell-Dyson-eb1401.pdf,,,,,,,
15,Mixed Fruits & Vegetables,Grapes (Conventional),,,,1,file:///C:/Users/bhosting/Downloads/PM1707.pdf,,Establishment,Equipment,Variable,Herbicide application - Equipment Cost,,$10.50 ,,,http://publications.dyson.cornell.edu/outreach/extensionpdf/2014/Cornell-Dyson-eb1401.pdf,,,,,,,
15,Mixed Fruits & Vegetables,Grapes (Conventional),,,,1,https://hortnews.extension.iastate.edu/1997/4-11-1997/plantgrapes.html,,Establishment,Input,Variable,Herbicide application - Material Cost,,$30.24 ,, late april (northern Iowa),http://publications.dyson.cornell.edu/outreach/extensionpdf/2014/Cornell-Dyson-eb1401.pdf,,,,,,,
15,Mixed Fruits & Vegetables,Grapes (Conventional),,,,1,21-4,,Establishment,Labor,Variable,Stone removal & land maintenance - Unskilled Labor Costs,10,$135.00 ,$13.50/hr * 10.00hr,plant late march (southern iowa) late april (northern iowa),http://publications.dyson.cornell.edu/outreach/extensionpdf/2014/Cornell-Dyson-eb1401.pdf,,,,,,,
15,Mixed Fruits & Vegetables,Grapes (Conventional),,,,1,,,Establishment,Labor,Variable,Stone removal & land maintenance - Equipment Costs,,$165.87 ,,,http://publications.dyson.cornell.edu/outreach/extensionpdf/2014/Cornell-Dyson-eb1401.pdf,,,,,,,
15,Mixed Fruits & Vegetables,Grapes (Conventional),,,,1,19-20,,Establishment,Labor,Variable,Soil Sampling - Skilled Labor Costs,0.2,$4.00 ,$20.00/hr * 0.20hr,spring or autumn. Preferred post harvest in autmn. Can be taken year round,http://publications.dyson.cornell.edu/outreach/extensionpdf/2014/Cornell-Dyson-eb1401.pdf,,,,,,,
15,Mixed Fruits & Vegetables,Grapes (Conventional),,,,1,,,Establishment,Input,Variable,Soil Sampling - Material Costs,,$4.00 ,,,http://publications.dyson.cornell.edu/outreach/extensionpdf/2014/Cornell-Dyson-eb1401.pdf,,,,,,,
15,Mixed Fruits & Vegetables,Grapes (Conventional),,,,1,17-22,,Establishment,Labor,Variable,Fall fertilization - Skilled Labor Costs,0.6,$12.00 ,$20.00/hr * 0.60hr,,http://publications.dyson.cornell.edu/outreach/extensionpdf/2014/Cornell-Dyson-eb1401.pdf,,,,,,,
15,Mixed Fruits & Vegetables,Grapes (Conventional),,,,1,,,Establishment,Equipment,Variable,Fall fertilization - Equipment Costs,,$8.56 ,,,http://publications.dyson.cornell.edu/outreach/extensionpdf/2014/Cornell-Dyson-eb1401.pdf,,,,,,,
15,Mixed Fruits & Vegetables,Grapes (Conventional),,,,1,,,Establishment,Input,Variable,Fall fertilization - Material Costs,,$75.00 ,,,http://publications.dyson.cornell.edu/outreach/extensionpdf/2014/Cornell-Dyson-eb1401.pdf,,,,,,,
15,Mixed Fruits & Vegetables,Grapes (Conventional),,,,1,,,Establishment,Custom,Variable,Plowing - Custom,,$50.00 ,,,http://publications.dyson.cornell.edu/outreach/extensionpdf/2014/Cornell-Dyson-eb1401.pdf,,,,,,,
15,Mixed Fruits & Vegetables,Grapes (Conventional),,,,1,,,Establishment,Custom,Variable,Discing (x2) - Custom,,$46.00 ,,Site Prep,http://publications.dyson.cornell.edu/outreach/extensionpdf/2014/Cornell-Dyson-eb1401.pdf,,,,,,,
15,Mixed Fruits & Vegetables,Grapes (Conventional),,,,1,,,Establishment,Equipment,Variable,"Pickup truck (10,000 miles for 50 acre/year) - Equipment Costs",,$75.03 ,,"$5,076.20 ",http://publications.dyson.cornell.edu/outreach/extensionpdf/2014/Cornell-Dyson-eb1401.pdf,,,,,,,
15,Mixed Fruits & Vegetables,Grapes (Conventional),,,,1,4-5.,,Preharvest,Labor,Variable,Floating/dragging - Skilled Labor Costs,1,$20.00 ,,,http://publications.dyson.cornell.edu/outreach/extensionpdf/2014/Cornell-Dyson-eb1401.pdf,,,,,,,
15,Mixed Fruits & Vegetables,Grapes (Conventional),,,,1,,,Preharvest,Equipment,Variable,Floating/dragging - Equipment Costs,,$15.79 ,,,http://publications.dyson.cornell.edu/outreach/extensionpdf/2014/Cornell-Dyson-eb1401.pdf,,,,,,,
15,Mixed Fruits & Vegetables,Grapes (Conventional),,,,1,,,Preharvest,Custom,Variable,Laser Planting ($3.50/vine) - Custom,custom,"$1,250.00 ",,,http://publications.dyson.cornell.edu/outreach/extensionpdf/2014/Cornell-Dyson-eb1401.pdf,,,,,,,
15,Mixed Fruits & Vegetables,Grapes (Conventional),,,,1,,,Preharvest,Equipment,Variable,Laser Planting ($3.50/vine) - Material Costs,,"$2,823.33 ",,,http://publications.dyson.cornell.edu/outreach/extensionpdf/2014/Cornell-Dyson-eb1401.pdf,,,,,,,
15,Mixed Fruits & Vegetables,Grapes (Conventional),,,,1,5-6.,,Preharvest,Labor,Variable,Fertilization (banded) - Skilled Labor Costs,0.6,$12.00 ,$20.00/hr * 0.60hr,early spring,http://publications.dyson.cornell.edu/outreach/extensionpdf/2014/Cornell-Dyson-eb1401.pdf,,,,,,,
15,Mixed Fruits & Vegetables,Grapes (Conventional),,,,1,,,Preharvest,Equipment,Variable,Fertilization (banded) - Equipment Costs,,$8.56 ,,,http://publications.dyson.cornell.edu/outreach/extensionpdf/2014/Cornell-Dyson-eb1401.pdf,,,,,,,
15,Mixed Fruits & Vegetables,Grapes (Conventional),,,,1,,,Preharvest,Input,Variable,Fertilization (banded) - Material Costs,,$7.50 ,,,http://publications.dyson.cornell.edu/outreach/extensionpdf/2014/Cornell-Dyson-eb1401.pdf,,,,,,,
15,Mixed Fruits & Vegetables,Grapes (Conventional),,,,1,20-22,,Preharvest,Labor,Variable,Hilling up - Skilled Labor Costs,1.5,$30.00 ,$20.00/hr * 1.50hr,hill late fall,http://publications.dyson.cornell.edu/outreach/extensionpdf/2014/Cornell-Dyson-eb1401.pdf,,,,,,,
15,Mixed Fruits & Vegetables,Grapes (Conventional),,,,1,,,Preharvest,Equipment,Variable,Hilling up - Equipment Costs,,$21.64 ,,aug-mid october harvest season,http://publications.dyson.cornell.edu/outreach/extensionpdf/2014/Cornell-Dyson-eb1401.pdf,,,,,,,
15,Mixed Fruits & Vegetables,Grapes (Conventional),,,,1,20-22,,Preharvest,Labor,Variable,Hilling up - Unskilled Labor Costs,1.5,$20.25 ,$13.50/hr * 1.50hr,,http://publications.dyson.cornell.edu/outreach/extensionpdf/2014/Cornell-Dyson-eb1401.pdf,,,,,,,
15,Mixed Fruits & Vegetables,Grapes (Conventional),,,,1,13-19,,Preharvest,Labor,Variable,Chem. Weed control - trellis - Skilled Labor Costs,1.25,$25.00 ,$20.00/hr * 1.25hr,,http://publications.dyson.cornell.edu/outreach/extensionpdf/2014/Cornell-Dyson-eb1401.pdf,,,,,,,
15,Mixed Fruits & Vegetables,Grapes (Conventional),,,,1,,,Preharvest,Equipment,Variable,Chem. Weed control - trellis - Equipment Costs,,$20.56 ,,https://ag.umass.edu/sites/ag.umass.edu/files/fact-sheets/pdf/trellis_construction_to_grow_fruit.pdf,http://publications.dyson.cornell.edu/outreach/extensionpdf/2014/Cornell-Dyson-eb1401.pdf,,,,,,,
15,Mixed Fruits & Vegetables,Grapes (Conventional),,,,1,,,Preharvest,Input,Variable,Chem. Weed control - trellis - Material Costs,,$14.34 ,,,http://publications.dyson.cornell.edu/outreach/extensionpdf/2014/Cornell-Dyson-eb1401.pdf,,,,,,,
15,Mixed Fruits & Vegetables,Grapes (Conventional),,,,1,5,,Preharvest,Labor,Variable,Trellis construction - Skilled Labor Costs,60,"$1,200.00 ",$20.00/hr * 60.00hr,,http://publications.dyson.cornell.edu/outreach/extensionpdf/2014/Cornell-Dyson-eb1401.pdf,,,,,,,
15,Mixed Fruits & Vegetables,Grapes (Conventional),,,,1,,,Preharvest,Equipment,Variable,Trellis construction - Equipment Costs,,$317.50 ,, late april (northern Iowa),http://publications.dyson.cornell.edu/outreach/extensionpdf/2014/Cornell-Dyson-eb1401.pdf,,,,,,,
15,Mixed Fruits & Vegetables,Grapes (Conventional),,,,1,,,Preharvest,Input,Variable,Trellis construction - Material Costs,,"$3,470.00 ",,,http://publications.dyson.cornell.edu/outreach/extensionpdf/2014/Cornell-Dyson-eb1401.pdf,,,,,,,
15,Mixed Fruits & Vegetables,Grapes (Conventional),,,,1,18-21,,Preharvest,Labor,Variable,Spot herbicide - hand application - Skilled Labor Costs,1,$20.00 ,$20.00/hr * 1 application,late sept early nov,http://publications.dyson.cornell.edu/outreach/extensionpdf/2014/Cornell-Dyson-eb1401.pdf,,,,,,,
15,Mixed Fruits & Vegetables,Grapes (Conventional),,,,1,,,Preharvest,Input,Variable,Spot herbicide - hand application - Material Costs,,$15.24 ,,,http://publications.dyson.cornell.edu/outreach/extensionpdf/2014/Cornell-Dyson-eb1401.pdf,,,,,,,
15,Mixed Fruits & Vegetables,Grapes (Conventional),,,,1,4-6 times per yr.,,Preharvest,Labor,Variable,Cultivation - Skilled Labor Costs,1.2,$24.00 ,$20.00/hr * 0.60hr * 2 Passes,,http://publications.dyson.cornell.edu/outreach/extensionpdf/2014/Cornell-Dyson-eb1401.pdf,,,,,,,
15,Mixed Fruits & Vegetables,Grapes (Conventional),,,,1,,,Preharvest,Equipment,Variable,Cultivation - Equipment Costs,,$21.64 ,,,http://publications.dyson.cornell.edu/outreach/extensionpdf/2014/Cornell-Dyson-eb1401.pdf,,,,,,,
15,Mixed Fruits & Vegetables,Grapes (Conventional),,,,1,,,Preharvest,Input,Variable,Sprays 1-3 (all year 1 sprays) - Mancozeb 75DF,,$36.45 ,Mancozeb 75DF 3lbs/acre * $4.05/lb * 3 sprays,,http://publications.dyson.cornell.edu/outreach/extensionpdf/2014/Cornell-Dyson-eb1401.pdf,,,,,,,
15,Mixed Fruits & Vegetables,Grapes (Conventional),,,,1,,,Preharvest,Input,Variable,Sprays 1-3 (all year 1 sprays) - Sulfur,,$6.00 ,Sulfur 4 lbs/acre * $0.50/lb * 3 sprays,,http://publications.dyson.cornell.edu/outreach/extensionpdf/2014/Cornell-Dyson-eb1401.pdf,,,,,,,
15,Mixed Fruits & Vegetables,Grapes (Conventional),,,,1,,,Preharvest,Input,Variable,Sprays 1-3 (all year 1 sprays) - Spreader,,$1.88 ,Spreader 4 oz./acre * $20/gal * 3 sprays,,http://publications.dyson.cornell.edu/outreach/extensionpdf/2014/Cornell-Dyson-eb1401.pdf,,,,,,,
15,Mixed Fruits & Vegetables,Grapes (Conventional),,,,1,,,Preharvest,Equipment,Variable,Sprays 1-3 (all year 1 sprays) - Equipment Costs,,$25.14 ,8.38 * 3 sprays,,http://publications.dyson.cornell.edu/outreach/extensionpdf/2014/Cornell-Dyson-eb1401.pdf,,,,,,,
15,Mixed Fruits & Vegetables,Grapes (Conventional),,,,1,,,Preharvest,Labor,Variable,Sprays 1-3 (all year 1 sprays) - Skilled Labor Costs,1.2,$24.00 ,0.4 hours * $20/hour * 3 sprays,,http://publications.dyson.cornell.edu/outreach/extensionpdf/2014/Cornell-Dyson-eb1401.pdf,,,,,,,
15,Mixed Fruits & Vegetables,Grapes (Conventional),,,,1,,,Preharvest,Labor,Variable,Seed cover crop - Skilled Labor Costs,0.6,$12.00 ,$20.00/hr * 0.60hr,,http://publications.dyson.cornell.edu/outreach/extensionpdf/2014/Cornell-Dyson-eb1401.pdf,,,,,,,
15,Mixed Fruits & Vegetables,Grapes (Conventional),,,,1,,,Preharvest,Equipment,Variable,Seed cover crop - Equipment Costs,,$8.56 ,,,http://publications.dyson.cornell.edu/outreach/extensionpdf/2014/Cornell-Dyson-eb1401.pdf,,,,,,,
15,Mixed Fruits & Vegetables,Grapes (Conventional),,,,1,,,Preharvest,Input,Variable,Seed cover crop - Material Costs,,$11.25 ,,,http://publications.dyson.cornell.edu/outreach/extensionpdf/2014/Cornell-Dyson-eb1401.pdf,,,,,,,
15,Mixed Fruits & Vegetables,Grapes (Conventional),,,,1,,,Preharvest,Equipment,Variable,"Pickup truck (10,000 miles for 50 acre/year) - Equipment Costs",,$75.03 ,,,http://publications.dyson.cornell.edu/outreach/extensionpdf/2014/Cornell-Dyson-eb1401.pdf,,,,,,,
15,Mixed Fruits & Vegetables,Grapes (Conventional),,https://hortnews.extension.iastate.edu/faq/when-best-time-prune-grapevines,,2,4-7.,,Preharvest,Labor,Variable,Pruning & brush removal - Skilled Labor Costs,3,$60.00 ,$20.00/hr * 3.00hr,feb/march to early april,http://publications.dyson.cornell.edu/outreach/extensionpdf/2014/Cornell-Dyson-eb1401.pdf,,,,,,,
15,Mixed Fruits & Vegetables,Grapes (Conventional),,,,2,6-8.,,Preharvest,Labor,Variable,Tying & renewal - Unskilled Labor Costs,2,$27.00 ,$13.50/hr * 2.00hr,https://s3.wp.wsu.edu/uploads/sites/2109/2014/11/GrapePruningBasics1.pdf,http://publications.dyson.cornell.edu/outreach/extensionpdf/2014/Cornell-Dyson-eb1401.pdf,,,,,,,
15,Mixed Fruits & Vegetables,Grapes (Conventional),,,,2,,,Preharvest,Input,Variable,Tying & renewal - Material Costs,,$4.50 ,,,http://publications.dyson.cornell.edu/outreach/extensionpdf/2014/Cornell-Dyson-eb1401.pdf,,,,,,,
15,Mixed Fruits & Vegetables,Grapes (Conventional),,,,2,,,Preharvest,Labor,Variable,Vine Replacement - Skilled Labor Costs,2,$40.00 ,$20.00/hr * 2.00hr,,http://publications.dyson.cornell.edu/outreach/extensionpdf/2014/Cornell-Dyson-eb1401.pdf,,,,,,,
15,Mixed Fruits & Vegetables,Grapes (Conventional),,,,2,,,Preharvest,Equipment,Variable,Vine Replacement - Equipment Costs,,$37.97 ,,,http://publications.dyson.cornell.edu/outreach/extensionpdf/2014/Cornell-Dyson-eb1401.pdf,,,,,,,
15,Mixed Fruits & Vegetables,Grapes (Conventional),,,,2,,,Preharvest,Input,Variable,Vine Replacement - Material Costs,,$56.47 ,,,http://publications.dyson.cornell.edu/outreach/extensionpdf/2014/Cornell-Dyson-eb1401.pdf,,,,,,,
15,Mixed Fruits & Vegetables,Grapes (Conventional),,,,2,spring,,Preharvest,Labor,Variable,Spring Replacement - Skilled Labor Costs,0.6,$12.00 ,$20.00/hr * 0.60hr,,http://publications.dyson.cornell.edu/outreach/extensionpdf/2014/Cornell-Dyson-eb1401.pdf,,,,,,,
15,Mixed Fruits & Vegetables,Grapes (Conventional),,,,2,,,Preharvest,Equipment,Variable,Spring Replacement - Equipment Costs,,$8.56 ,,,http://publications.dyson.cornell.edu/outreach/extensionpdf/2014/Cornell-Dyson-eb1401.pdf,,,,,,,
15,Mixed Fruits & Vegetables,Grapes (Conventional),,,,2,,,Preharvest,Input,Variable,Spring Replacement - Material Costs,,$7.50 ,,,http://publications.dyson.cornell.edu/outreach/extensionpdf/2014/Cornell-Dyson-eb1401.pdf,,,,,,,
15,Mixed Fruits & Vegetables,Grapes (Conventional),,,,2,15-19,,Preharvest,Labor,Variable,Chem. Weed control-trellis - Skilled Labor Costs,1.25,$25.00 ,$20.00/hr * 1.25hr,,http://publications.dyson.cornell.edu/outreach/extensionpdf/2014/Cornell-Dyson-eb1401.pdf,,,,,,,
15,Mixed Fruits & Vegetables,Grapes (Conventional),,,,2,,,Preharvest,Equipment,Variable,Chem. Weed control-trellis - Equipment Costs,,$22.25 ,,,http://publications.dyson.cornell.edu/outreach/extensionpdf/2014/Cornell-Dyson-eb1401.pdf,,,,,,,
15,Mixed Fruits & Vegetables,Grapes (Conventional),,,,2,,,Preharvest,Input,Variable,Chem. Weed control-trellis - Material Costs,,$66.00 ,,,http://publications.dyson.cornell.edu/outreach/extensionpdf/2014/Cornell-Dyson-eb1401.pdf,,,,,,,
15,Mixed Fruits & Vegetables,Grapes (Conventional),,,,2,7-10.,,Preharvest,Labor,Variable,Suckering - Unskilled Labor Costs,2.5,$33.75 ,$13.50/hr * 2.50hr,april and may,http://publications.dyson.cornell.edu/outreach/extensionpdf/2014/Cornell-Dyson-eb1401.pdf,,,,,,,
15,Mixed Fruits & Vegetables,Grapes (Conventional),,,,2,16-19,,Preharvest,Labor,Variable,Cluster removal - Unskilled Labor Costs,2.5,$33.75 ,$13.50/hr * 2.50hr,harvest early aug - mid october,http://publications.dyson.cornell.edu/outreach/extensionpdf/2014/Cornell-Dyson-eb1401.pdf,,,,,,,
15,Mixed Fruits & Vegetables,Grapes (Conventional),,,,2,5,,Preharvest,Labor,Variable,Take away (de-hilling) - Skilled Labor Costs,3,$60.00 ,$20.00/hr * 3.00hr,,http://publications.dyson.cornell.edu/outreach/extensionpdf/2014/Cornell-Dyson-eb1401.pdf,,,,,,,
15,Mixed Fruits & Vegetables,Grapes (Conventional),,,,2,,,Preharvest,Equipment,Variable,Take away (de-hilling) - Equipment Costs,,$45.09 ,,,http://publications.dyson.cornell.edu/outreach/extensionpdf/2014/Cornell-Dyson-eb1401.pdf,,,,,,,
15,Mixed Fruits & Vegetables,Grapes (Conventional),,,,2,8-15.,,Preharvest,Labor,Variable,Hand Hoe - Unskilled Labor Costs,4,$54.00 ,$13.50/hr * 4.00hr,,http://publications.dyson.cornell.edu/outreach/extensionpdf/2014/Cornell-Dyson-eb1401.pdf,,,,,,,
15,Mixed Fruits & Vegetables,Grapes (Conventional),,,,2,18-21,,Preharvest,Labor,Variable,Spot herbicide - hand application - Skilled Labor Costs,0.8,$16.00 ,$20.00/hr * 0.40hr * 2 applications,fall,http://publications.dyson.cornell.edu/outreach/extensionpdf/2014/Cornell-Dyson-eb1401.pdf,,,,,,,
15,Mixed Fruits & Vegetables,Grapes (Conventional),,,,2,,,Preharvest,Equipment,Variable,Spot herbicide - hand application - Equipment Costs,,$9.86 ,,,http://publications.dyson.cornell.edu/outreach/extensionpdf/2014/Cornell-Dyson-eb1401.pdf,,,,,,,
15,Mixed Fruits & Vegetables,Grapes (Conventional),,,,2,,,Preharvest,Input,Variable,Spot herbicide - hand application - Material Costs,,$42.76 ,,,http://publications.dyson.cornell.edu/outreach/extensionpdf/2014/Cornell-Dyson-eb1401.pdf,,,,,,,
15,Mixed Fruits & Vegetables,Grapes (Conventional),,,,2,20-22,,Preharvest,Labor,Variable,Hilling up - Skilled Labor Costs,3,$60.00 ,$20.00/hr * 3.00hr,,http://publications.dyson.cornell.edu/outreach/extensionpdf/2014/Cornell-Dyson-eb1401.pdf,,,,,,,
15,Mixed Fruits & Vegetables,Grapes (Conventional),,,,2,,,Preharvest,Equipment,Variable,Hilling up - Equipment Costs,,$27.05 ,,,http://publications.dyson.cornell.edu/outreach/extensionpdf/2014/Cornell-Dyson-eb1401.pdf,,,,,,,
15,Mixed Fruits & Vegetables,Grapes (Conventional),,,,2,,,Preharvest,Input,Variable,Sprays 1-4 (all year 2 sprays) - Mancozeb 75DF,,$48.60 ,Mancozeb 75DF 3lbs/acre * $4.05/lb * 4 sprays,,http://publications.dyson.cornell.edu/outreach/extensionpdf/2014/Cornell-Dyson-eb1401.pdf,,,,,,,
15,Mixed Fruits & Vegetables,Grapes (Conventional),,,,2,,,Preharvest,Input,Variable,Sprays 1-4 (all year 2 sprays) - Sulfur,,$8.00 ,Sulfur 4 lbs/acre * $0.50/lb * 4 sprays,,http://publications.dyson.cornell.edu/outreach/extensionpdf/2014/Cornell-Dyson-eb1401.pdf,,,,,,,
15,Mixed Fruits & Vegetables,Grapes (Conventional),,,,2,,,Preharvest,Input,Variable,Sprays 1-4 (all year 2 sprays) - Spreader,,$2.50 ,Spreader 4 oz./acre * $20/gal * 4 sprays,,http://publications.dyson.cornell.edu/outreach/extensionpdf/2014/Cornell-Dyson-eb1401.pdf,,,,,,,
15,Mixed Fruits & Vegetables,Grapes (Conventional),,,,2,,,Preharvest,Labor,Variable,Sprays 1-4 (all year 2 sprays) - Skilled Labor Costs,1.6,$32.00 ,0.4 hours * $20/hour * 4 sprays,,http://publications.dyson.cornell.edu/outreach/extensionpdf/2014/Cornell-Dyson-eb1401.pdf,,,,,,,
15,Mixed Fruits & Vegetables,Grapes (Conventional),,,,2,,,Preharvest,Equipment,Variable,Sprays 1-4 (all year 2 sprays) - Equipment Costs,,$33.52 ,$8.38 * 4 sprays ,,http://publications.dyson.cornell.edu/outreach/extensionpdf/2014/Cornell-Dyson-eb1401.pdf,,,,,,,
15,Mixed Fruits & Vegetables,Grapes (Conventional),,,,2,13-19,,Preharvest,Labor,Variable,Mowing - Skilled Labor Costs,2.6,$52.00 ,$20.00/hr * 0.65hr *4 Mowings,,http://publications.dyson.cornell.edu/outreach/extensionpdf/2014/Cornell-Dyson-eb1401.pdf,,,,,,,
15,Mixed Fruits & Vegetables,Grapes (Conventional),,,,2,,,Preharvest,Equipment,Variable,Mowing - Equipment Costs,,$42.28 ,,,http://publications.dyson.cornell.edu/outreach/extensionpdf/2014/Cornell-Dyson-eb1401.pdf,,,,,,,
15,Mixed Fruits & Vegetables,Grapes (Conventional),,,,2,,,Preharvest,Other,Variable,Rogueing,1,$13.50 ,$13.50/hr * 1.00hr,,http://publications.dyson.cornell.edu/outreach/extensionpdf/2014/Cornell-Dyson-eb1401.pdf,,,,,,,
15,Mixed Fruits & Vegetables,Grapes (Conventional),,,,2,,,Preharvest,Other,Variable,"Pickup truck (10,000 miles for 50 acre/year)",,$75.03 ,,,http://publications.dyson.cornell.edu/outreach/extensionpdf/2014/Cornell-Dyson-eb1401.pdf,,,,,,,
15,Mixed Fruits & Vegetables,Grapes (Conventional),,,,3,,,Preharvest,Custom,Variable,Pruning and brush pulling ($0.45/vine) - Custom,custom (piece rate),$363.00 ,,,http://publications.dyson.cornell.edu/outreach/extensionpdf/2014/Cornell-Dyson-eb1401.pdf,,,,,,,
15,Mixed Fruits & Vegetables,Grapes (Conventional),,,,3,,,Preharvest,Custom,Variable,Tying & renewal ($0.23/vine) - Custom,custom (piece rate),$185.53 ,,,http://publications.dyson.cornell.edu/outreach/extensionpdf/2014/Cornell-Dyson-eb1401.pdf,,,,,,,
15,Mixed Fruits & Vegetables,Grapes (Conventional),,,,3,,,Preharvest,Input,Variable,Tying & renewal ($0.23/vine) - Material Costs,,$4.50 ,,,http://publications.dyson.cornell.edu/outreach/extensionpdf/2014/Cornell-Dyson-eb1401.pdf,,,,,,,
15,Mixed Fruits & Vegetables,Grapes (Conventional),,,,3,,,Preharvest,Labor,Variable,Brush chopping (x1) - Skilled Labor Costs,1.2,$24.00 ,$20.00/hr * 1.20hr,,http://publications.dyson.cornell.edu/outreach/extensionpdf/2014/Cornell-Dyson-eb1401.pdf,,,,,,,
15,Mixed Fruits & Vegetables,Grapes (Conventional),,,,3,,,Preharvest,Equipment,Variable,Brush chopping (x1) - Equipment Costs,,$21.36 ,,,http://publications.dyson.cornell.edu/outreach/extensionpdf/2014/Cornell-Dyson-eb1401.pdf,,,,,,,
15,Mixed Fruits & Vegetables,Grapes (Conventional),,,,3,,,Preharvest,Labor,Variable,Vine Replacement - Skilled Labor Costs,2,$40.00 ,$20.00/hr * 2.00hr,,http://publications.dyson.cornell.edu/outreach/extensionpdf/2014/Cornell-Dyson-eb1401.pdf,,,,,,,
15,Mixed Fruits & Vegetables,Grapes (Conventional),,,,3,,,Preharvest,Equipment,Variable,Vine Replacement - Equipment Costs,,$37.97 ,,,http://publications.dyson.cornell.edu/outreach/extensionpdf/2014/Cornell-Dyson-eb1401.pdf,,,,,,,
15,Mixed Fruits & Vegetables,Grapes (Conventional),,,,3,,,Preharvest,Input,Variable,Vine Replacement - Material Costs,,$56.47 ,,,http://publications.dyson.cornell.edu/outreach/extensionpdf/2014/Cornell-Dyson-eb1401.pdf,,,,,,,
15,Mixed Fruits & Vegetables,Grapes (Conventional),,,,3,13-19,,Preharvest,Labor,Variable,Chem. Weed control - trellis - Skilled Labor Costs,2.6,$52.00 ,$20.00/hr * 2.60hr,,http://publications.dyson.cornell.edu/outreach/extensionpdf/2014/Cornell-Dyson-eb1401.pdf,,,,,,,
15,Mixed Fruits & Vegetables,Grapes (Conventional),,,,3,,,Preharvest,Equipment,Variable,Chem. Weed control - trellis - Equipment Costs,,$32.89 ,,,http://publications.dyson.cornell.edu/outreach/extensionpdf/2014/Cornell-Dyson-eb1401.pdf,,,,,,,
15,Mixed Fruits & Vegetables,Grapes (Conventional),,,,3,,,Preharvest,Input,Variable,Chem. Weed control - trellis - Material Costs,,$66.00 ,,,http://publications.dyson.cornell.edu/outreach/extensionpdf/2014/Cornell-Dyson-eb1401.pdf,,,,,,,
15,Mixed Fruits & Vegetables,Grapes (Conventional),,,,3,7-10.,,Preharvest,Labor,Variable,Suckering - Unskilled Labor Costs,4,$54.00 ,$13.50/hr * 4.00hr,,http://publications.dyson.cornell.edu/outreach/extensionpdf/2014/Cornell-Dyson-eb1401.pdf,,,,,,,
15,Mixed Fruits & Vegetables,Grapes (Conventional),,,,3,16-19,,Preharvest,Labor,Variable,Cluster removal - Unskilled Labor Costs,4,$54.00 ,$13.50/hr * 4.00hr,,http://publications.dyson.cornell.edu/outreach/extensionpdf/2014/Cornell-Dyson-eb1401.pdf,,,,,,,
15,Mixed Fruits & Vegetables,Grapes (Conventional),,,,3,5,,Preharvest,Labor,Variable,Take away (de-hilling) - Skilled Labor Costs,3,$60.00 ,$20.00/hr * 3.00hr,,http://publications.dyson.cornell.edu/outreach/extensionpdf/2014/Cornell-Dyson-eb1401.pdf,,,,,,,
15,Mixed Fruits & Vegetables,Grapes (Conventional),,,,3,,,Preharvest,Equipment,Variable,Take away (de-hilling) - Equipment Costs,,$45.09 ,,,http://publications.dyson.cornell.edu/outreach/extensionpdf/2014/Cornell-Dyson-eb1401.pdf,,,,,,,
15,Mixed Fruits & Vegetables,Grapes (Conventional),,,,3,8-15.,,Preharvest,Labor,Variable,Hand Hoe - Unskilled Labor Costs,4,$54.00 ,$13.50/hr * 4.00hr,,http://publications.dyson.cornell.edu/outreach/extensionpdf/2014/Cornell-Dyson-eb1401.pdf,,,,,,,
15,Mixed Fruits & Vegetables,Grapes (Conventional),,,,3,7-9.,,Preharvest,Labor,Variable,Bird control - Skilled Labor Costs,3,$60.00 ,$20.00/hr * 3.00hr,before sugar over 10% (Maturiy ~ 24%),http://publications.dyson.cornell.edu/outreach/extensionpdf/2014/Cornell-Dyson-eb1401.pdf,,,,,,,
15,Mixed Fruits & Vegetables,Grapes (Conventional),,,,3,18-21,,Preharvest,Labor,Variable,Spot herbicide - hand application - Skilled Labor Costs,0.8,$16.00 ,$20.00/hr * 0.40hr * 2 applications,,http://publications.dyson.cornell.edu/outreach/extensionpdf/2014/Cornell-Dyson-eb1401.pdf,,,,,,,
15,Mixed Fruits & Vegetables,Grapes (Conventional),,,,3,,,Preharvest,Equipment,Variable,Spot herbicide - hand application - Equipment Costs,,$9.86 ,,,http://publications.dyson.cornell.edu/outreach/extensionpdf/2014/Cornell-Dyson-eb1401.pdf,,,,,,,
15,Mixed Fruits & Vegetables,Grapes (Conventional),,,,3,,,Preharvest,Input,Variable,Spot herbicide - hand application - Material Costs,,$42.76 ,,,http://publications.dyson.cornell.edu/outreach/extensionpdf/2014/Cornell-Dyson-eb1401.pdf,,,,,,,
15,Mixed Fruits & Vegetables,Grapes (Conventional),,,,3,,,Preharvest,Input,Variable,Sprays 1-2 - Mancozeb 75DF,,$24.30 ,Mancozeb 75DF 3 lbs/acre * $4.05/lb * 2 sprays,,http://publications.dyson.cornell.edu/outreach/extensionpdf/2014/Cornell-Dyson-eb1401.pdf,,,,,,,
15,Mixed Fruits & Vegetables,Grapes (Conventional),,,,3,,,Preharvest,Input,Variable,Sprays 1-2 - Sulfur,,$4.00 ,Sulfur 4 lbs/acre * $0.50/lb * 2 sprays,,http://publications.dyson.cornell.edu/outreach/extensionpdf/2014/Cornell-Dyson-eb1401.pdf,,,,,,,
15,Mixed Fruits & Vegetables,Grapes (Conventional),,,,3,,,Preharvest,Input,Variable,Sprays 1-2 - Spreader,,$1.25 ,Spreader 4 oz./acre * $20/gal * 2 sprays,,http://publications.dyson.cornell.edu/outreach/extensionpdf/2014/Cornell-Dyson-eb1401.pdf,,,,,,,
15,Mixed Fruits & Vegetables,Grapes (Conventional),,,,3,,,Preharvest,Labor,Variable,Sprays 1-2 - Skilled Labor Costs,1.2,$24.00 ,0.6 hours * $20/hour * 2 sprays,,http://publications.dyson.cornell.edu/outreach/extensionpdf/2014/Cornell-Dyson-eb1401.pdf,,,,,,,
15,Mixed Fruits & Vegetables,Grapes (Conventional),,,,3,,,Preharvest,Equipment,Variable,Sprays 1-2 - Equipment Costs,,$27.94 , $13.97 * 2 sprays ,,http://publications.dyson.cornell.edu/outreach/extensionpdf/2014/Cornell-Dyson-eb1401.pdf,,,,,,,
15,Mixed Fruits & Vegetables,Grapes (Conventional),,,,3,,,Preharvest,Input,Variable,Sprays 3-4 - Revus Top,,$32.76 ,Revus Top 7 oz/acre * $2.34/oz * 2 sprays,,http://publications.dyson.cornell.edu/outreach/extensionpdf/2014/Cornell-Dyson-eb1401.pdf,,,,,,,
15,Mixed Fruits & Vegetables,Grapes (Conventional),,,,3,,,Preharvest,Input,Variable,Sprays 3-4 - Sulfur,,$4.00 ,Sulfur 4 lbs/acre * $0.50/lb * 2 sprays,,http://publications.dyson.cornell.edu/outreach/extensionpdf/2014/Cornell-Dyson-eb1401.pdf,,,,,,,
15,Mixed Fruits & Vegetables,Grapes (Conventional),,,,3,,,Preharvest,Input,Variable,Sprays 3-4 - Spreader,,$1.25 ,Spreader 4 oz./acre * $20/gal * 2 sprays,,http://publications.dyson.cornell.edu/outreach/extensionpdf/2014/Cornell-Dyson-eb1401.pdf,,,,,,,
15,Mixed Fruits & Vegetables,Grapes (Conventional),,,,3,,,Preharvest,Labor,Variable,Sprays 3-4 - Skilled Labor Costs,1.2,$24.00 ,0.6 hours * $20/hour * 2 sprays,,http://publications.dyson.cornell.edu/outreach/extensionpdf/2014/Cornell-Dyson-eb1401.pdf,,,,,,,
15,Mixed Fruits & Vegetables,Grapes (Conventional),,,,3,,,Preharvest,Equipment,Variable,Sprays 3-4 - Equipment Costs,,$27.94 , $13.97 * 2 sprays ,,http://publications.dyson.cornell.edu/outreach/extensionpdf/2014/Cornell-Dyson-eb1401.pdf,,,,,,,
15,Mixed Fruits & Vegetables,Grapes (Conventional),,,,3,,,Preharvest,Input,Variable,Sprays 5-8 - Captan 80WP,,$66.00 ,Captan 80WP 2.5 lbs/acre * $6.60/lb * 4 sprays,,http://publications.dyson.cornell.edu/outreach/extensionpdf/2014/Cornell-Dyson-eb1401.pdf,,,,,,,
15,Mixed Fruits & Vegetables,Grapes (Conventional),,,,3,,,Preharvest,Input,Variable,Sprays 5-8 - Sulfur,,$10.00 ,Sulfur 5 lbs/acre * $0.50/lb * 4 sprays,,http://publications.dyson.cornell.edu/outreach/extensionpdf/2014/Cornell-Dyson-eb1401.pdf,,,,,,,
15,Mixed Fruits & Vegetables,Grapes (Conventional),,,,3,,,Preharvest,Input,Variable,Sprays 5-8 - Spreader,,$2.50 ,Spreader 4 oz./acre * $20/gal * 4 sprays,,http://publications.dyson.cornell.edu/outreach/extensionpdf/2014/Cornell-Dyson-eb1401.pdf,,,,,,,
15,Mixed Fruits & Vegetables,Grapes (Conventional),,,,3,,,Preharvest,Labor,Variable,Sprays 5-8 - Skilled Labor Costs,2.4,$48.00 ,0.6 hours * $20/hour * 4 sprays,,http://publications.dyson.cornell.edu/outreach/extensionpdf/2014/Cornell-Dyson-eb1401.pdf,,,,,,,
15,Mixed Fruits & Vegetables,Grapes (Conventional),,,,3,,,Preharvest,Equipment,Variable,Sprays 5-8 - Equipment Costs,,$55.88 , $13.97 * 4 sprays ,,http://publications.dyson.cornell.edu/outreach/extensionpdf/2014/Cornell-Dyson-eb1401.pdf,,,,,,,
15,Mixed Fruits & Vegetables,Grapes (Conventional),,,,3,13-19,,Preharvest,Labor,Variable,Mowing - Skilled Labor Costs,2.6,$52.00 ,$20.00/hr * 0.65hr *4 Mowings,,http://publications.dyson.cornell.edu/outreach/extensionpdf/2014/Cornell-Dyson-eb1401.pdf,,,,,,,
15,Mixed Fruits & Vegetables,Grapes (Conventional),,,,3,,,Preharvest,Equipment,Variable,Mowing - Equipment Costs,,$42.28 ,,,http://publications.dyson.cornell.edu/outreach/extensionpdf/2014/Cornell-Dyson-eb1401.pdf,,,,,,,
15,Mixed Fruits & Vegetables,Grapes (Conventional),,,,3,20-22,,Preharvest,Labor,Variable,Hilling up - Skilled Labor Costs,1.7,$34.00 ,$20.00/hr * 1.70hr,No harvest,http://publications.dyson.cornell.edu/outreach/extensionpdf/2014/Cornell-Dyson-eb1401.pdf,,,,,,,
15,Mixed Fruits & Vegetables,Grapes (Conventional),,,,3,,,Preharvest,Equipment,Variable,Hilling up - Equipment Costs,,$27.05 ,,total yr 3,http://publications.dyson.cornell.edu/outreach/extensionpdf/2014/Cornell-Dyson-eb1401.pdf,,,,,,,
15,Mixed Fruits & Vegetables,Grapes (Conventional),,,,3,,,Preharvest,Equipment,Variable,"Pickup truck (10,000 miles for 50 acre/year)",,$75.03 ,,"$1,863.61 ",http://publications.dyson.cornell.edu/outreach/extensionpdf/2014/Cornell-Dyson-eb1401.pdf,,,,,,,
15,Mixed Fruits & Vegetables,Grapes (Conventional),,,,4,,,Preharvest,Custom,Variable,Pruning+brush pulling ($0.45/vine) - Custom,custom (piece rate),$363.00 ,,,http://publications.dyson.cornell.edu/outreach/extensionpdf/2014/Cornell-Dyson-eb1401.pdf,,,,,,,
15,Mixed Fruits & Vegetables,Grapes (Conventional),,,,5,,,Preharvest,Custom,Variable,Pruning+brush pulling ($0.45/vine) - Custom,custom (piece rate),$363.00 ,,,http://publications.dyson.cornell.edu/outreach/extensionpdf/2014/Cornell-Dyson-eb1401.pdf,,,,,,,
15,Mixed Fruits & Vegetables,Grapes (Conventional),,,,6,,,Preharvest,Custom,Variable,Pruning+brush pulling ($0.45/vine) - Custom,custom (piece rate),$363.00 ,,,http://publications.dyson.cornell.edu/outreach/extensionpdf/2014/Cornell-Dyson-eb1401.pdf,,,,,,,
15,Mixed Fruits & Vegetables,Grapes (Conventional),,,,7,,,Preharvest,Custom,Variable,Pruning+brush pulling ($0.45/vine) - Custom,custom (piece rate),$363.00 ,,,http://publications.dyson.cornell.edu/outreach/extensionpdf/2014/Cornell-Dyson-eb1401.pdf,,,,,,,
15,Mixed Fruits & Vegetables,Grapes (Conventional),,,,8,,,Preharvest,Custom,Variable,Pruning+brush pulling ($0.45/vine) - Custom,custom (piece rate),$363.00 ,,,http://publications.dyson.cornell.edu/outreach/extensionpdf/2014/Cornell-Dyson-eb1401.pdf,,,,,,,
15,Mixed Fruits & Vegetables,Grapes (Conventional),,,,9,,,Preharvest,Custom,Variable,Pruning+brush pulling ($0.45/vine) - Custom,custom (piece rate),$363.00 ,,,http://publications.dyson.cornell.edu/outreach/extensionpdf/2014/Cornell-Dyson-eb1401.pdf,,,,,,,
15,Mixed Fruits & Vegetables,Grapes (Conventional),,,,10,,,Preharvest,Custom,Variable,Pruning+brush pulling ($0.45/vine) - Custom,custom (piece rate),$363.00 ,,,http://publications.dyson.cornell.edu/outreach/extensionpdf/2014/Cornell-Dyson-eb1401.pdf,,,,,,,
15,Mixed Fruits & Vegetables,Grapes (Conventional),,,,11,,,Preharvest,Custom,Variable,Pruning+brush pulling ($0.45/vine) - Custom,custom (piece rate),$363.00 ,,,http://publications.dyson.cornell.edu/outreach/extensionpdf/2014/Cornell-Dyson-eb1401.pdf,,,,,,,
15,Mixed Fruits & Vegetables,Grapes (Conventional),,,,12,,,Preharvest,Custom,Variable,Pruning+brush pulling ($0.45/vine) - Custom,custom (piece rate),$363.00 ,,,http://publications.dyson.cornell.edu/outreach/extensionpdf/2014/Cornell-Dyson-eb1401.pdf,,,,,,,
15,Mixed Fruits & Vegetables,Grapes (Conventional),,,,13,,,Preharvest,Custom,Variable,Pruning+brush pulling ($0.45/vine) - Custom,custom (piece rate),$363.00 ,,,http://publications.dyson.cornell.edu/outreach/extensionpdf/2014/Cornell-Dyson-eb1401.pdf,,,,,,,
15,Mixed Fruits & Vegetables,Grapes (Conventional),,,,14,,,Preharvest,Custom,Variable,Pruning+brush pulling ($0.45/vine) - Custom,custom (piece rate),$363.00 ,,,http://publications.dyson.cornell.edu/outreach/extensionpdf/2014/Cornell-Dyson-eb1401.pdf,,,,,,,
15,Mixed Fruits & Vegetables,Grapes (Conventional),,,,15,,,Preharvest,Custom,Variable,Pruning+brush pulling ($0.45/vine) - Custom,custom (piece rate),$363.00 ,,,http://publications.dyson.cornell.edu/outreach/extensionpdf/2014/Cornell-Dyson-eb1401.pdf,,,,,,,
15,Mixed Fruits & Vegetables,Grapes (Conventional),,,,16,,,Preharvest,Custom,Variable,Pruning+brush pulling ($0.45/vine) - Custom,custom (piece rate),$363.00 ,,,http://publications.dyson.cornell.edu/outreach/extensionpdf/2014/Cornell-Dyson-eb1401.pdf,,,,,,,
15,Mixed Fruits & Vegetables,Grapes (Conventional),,,,17,,,Preharvest,Custom,Variable,Pruning+brush pulling ($0.45/vine) - Custom,custom (piece rate),$363.00 ,,,http://publications.dyson.cornell.edu/outreach/extensionpdf/2014/Cornell-Dyson-eb1401.pdf,,,,,,,
15,Mixed Fruits & Vegetables,Grapes (Conventional),,,,18,,,Preharvest,Custom,Variable,Pruning+brush pulling ($0.45/vine) - Custom,custom (piece rate),$363.00 ,,,http://publications.dyson.cornell.edu/outreach/extensionpdf/2014/Cornell-Dyson-eb1401.pdf,,,,,,,
15,Mixed Fruits & Vegetables,Grapes (Conventional),,,,19,,,Preharvest,Custom,Variable,Pruning+brush pulling ($0.45/vine) - Custom,custom (piece rate),$363.00 ,,,http://publications.dyson.cornell.edu/outreach/extensionpdf/2014/Cornell-Dyson-eb1401.pdf,,,,,,,
15,Mixed Fruits & Vegetables,Grapes (Conventional),,,,20,,,Preharvest,Custom,Variable,Pruning+brush pulling ($0.45/vine) - Custom,custom (piece rate),$363.00 ,,,http://publications.dyson.cornell.edu/outreach/extensionpdf/2014/Cornell-Dyson-eb1401.pdf,,,,,,,
15,Mixed Fruits & Vegetables,Grapes (Conventional),,,,21,,,Preharvest,Custom,Variable,Pruning+brush pulling ($0.45/vine) - Custom,custom (piece rate),$363.00 ,,,http://publications.dyson.cornell.edu/outreach/extensionpdf/2014/Cornell-Dyson-eb1401.pdf,,,,,,,
15,Mixed Fruits & Vegetables,Grapes (Conventional),,,,22,,,Preharvest,Custom,Variable,Pruning+brush pulling ($0.45/vine) - Custom,custom (piece rate),$363.00 ,,,http://publications.dyson.cornell.edu/outreach/extensionpdf/2014/Cornell-Dyson-eb1401.pdf,,,,,,,
15,Mixed Fruits & Vegetables,Grapes (Conventional),,,,4,,,Preharvest,Custom,Variable,Brush chopping - Skilled Labor Costs,1.2,$24.00 ,$20.00/hr * 1.20hr,,http://publications.dyson.cornell.edu/outreach/extensionpdf/2014/Cornell-Dyson-eb1401.pdf,,,,,,,
15,Mixed Fruits & Vegetables,Grapes (Conventional),,,,5,,,Preharvest,Custom,Variable,Brush chopping - Skilled Labor Costs,1.2,$24.00 ,$20.00/hr * 1.20hr,,http://publications.dyson.cornell.edu/outreach/extensionpdf/2014/Cornell-Dyson-eb1401.pdf,,,,,,,
15,Mixed Fruits & Vegetables,Grapes (Conventional),,,,6,,,Preharvest,Custom,Variable,Brush chopping - Skilled Labor Costs,1.2,$24.00 ,$20.00/hr * 1.20hr,,http://publications.dyson.cornell.edu/outreach/extensionpdf/2014/Cornell-Dyson-eb1401.pdf,,,,,,,
15,Mixed Fruits & Vegetables,Grapes (Conventional),,,,7,,,Preharvest,Custom,Variable,Brush chopping - Skilled Labor Costs,1.2,$24.00 ,$20.00/hr * 1.20hr,,http://publications.dyson.cornell.edu/outreach/extensionpdf/2014/Cornell-Dyson-eb1401.pdf,,,,,,,
15,Mixed Fruits & Vegetables,Grapes (Conventional),,,,8,,,Preharvest,Custom,Variable,Brush chopping - Skilled Labor Costs,1.2,$24.00 ,$20.00/hr * 1.20hr,,http://publications.dyson.cornell.edu/outreach/extensionpdf/2014/Cornell-Dyson-eb1401.pdf,,,,,,,
15,Mixed Fruits & Vegetables,Grapes (Conventional),,,,9,,,Preharvest,Custom,Variable,Brush chopping - Skilled Labor Costs,1.2,$24.00 ,$20.00/hr * 1.20hr,,http://publications.dyson.cornell.edu/outreach/extensionpdf/2014/Cornell-Dyson-eb1401.pdf,,,,,,,
15,Mixed Fruits & Vegetables,Grapes (Conventional),,,,10,,,Preharvest,Custom,Variable,Brush chopping - Skilled Labor Costs,1.2,$24.00 ,$20.00/hr * 1.20hr,,http://publications.dyson.cornell.edu/outreach/extensionpdf/2014/Cornell-Dyson-eb1401.pdf,,,,,,,
15,Mixed Fruits & Vegetables,Grapes (Conventional),,,,11,,,Preharvest,Custom,Variable,Brush chopping - Skilled Labor Costs,1.2,$24.00 ,$20.00/hr * 1.20hr,,http://publications.dyson.cornell.edu/outreach/extensionpdf/2014/Cornell-Dyson-eb1401.pdf,,,,,,,
15,Mixed Fruits & Vegetables,Grapes (Conventional),,,,12,,,Preharvest,Custom,Variable,Brush chopping - Skilled Labor Costs,1.2,$24.00 ,$20.00/hr * 1.20hr,,http://publications.dyson.cornell.edu/outreach/extensionpdf/2014/Cornell-Dyson-eb1401.pdf,,,,,,,
15,Mixed Fruits & Vegetables,Grapes (Conventional),,,,13,,,Preharvest,Custom,Variable,Brush chopping - Skilled Labor Costs,1.2,$24.00 ,$20.00/hr * 1.20hr,,http://publications.dyson.cornell.edu/outreach/extensionpdf/2014/Cornell-Dyson-eb1401.pdf,,,,,,,
15,Mixed Fruits & Vegetables,Grapes (Conventional),,,,14,,,Preharvest,Custom,Variable,Brush chopping - Skilled Labor Costs,1.2,$24.00 ,$20.00/hr * 1.20hr,,http://publications.dyson.cornell.edu/outreach/extensionpdf/2014/Cornell-Dyson-eb1401.pdf,,,,,,,
15,Mixed Fruits & Vegetables,Grapes (Conventional),,,,15,,,Preharvest,Custom,Variable,Brush chopping - Skilled Labor Costs,1.2,$24.00 ,$20.00/hr * 1.20hr,,http://publications.dyson.cornell.edu/outreach/extensionpdf/2014/Cornell-Dyson-eb1401.pdf,,,,,,,
15,Mixed Fruits & Vegetables,Grapes (Conventional),,,,16,,,Preharvest,Custom,Variable,Brush chopping - Skilled Labor Costs,1.2,$24.00 ,$20.00/hr * 1.20hr,,http://publications.dyson.cornell.edu/outreach/extensionpdf/2014/Cornell-Dyson-eb1401.pdf,,,,,,,
15,Mixed Fruits & Vegetables,Grapes (Conventional),,,,17,,,Preharvest,Custom,Variable,Brush chopping - Skilled Labor Costs,1.2,$24.00 ,$20.00/hr * 1.20hr,,http://publications.dyson.cornell.edu/outreach/extensionpdf/2014/Cornell-Dyson-eb1401.pdf,,,,,,,
15,Mixed Fruits & Vegetables,Grapes (Conventional),,,,18,,,Preharvest,Custom,Variable,Brush chopping - Skilled Labor Costs,1.2,$24.00 ,$20.00/hr * 1.20hr,,http://publications.dyson.cornell.edu/outreach/extensionpdf/2014/Cornell-Dyson-eb1401.pdf,,,,,,,
15,Mixed Fruits & Vegetables,Grapes (Conventional),,,,19,,,Preharvest,Custom,Variable,Brush chopping - Skilled Labor Costs,1.2,$24.00 ,$20.00/hr * 1.20hr,,http://publications.dyson.cornell.edu/outreach/extensionpdf/2014/Cornell-Dyson-eb1401.pdf,,,,,,,
15,Mixed Fruits & Vegetables,Grapes (Conventional),,,,20,,,Preharvest,Custom,Variable,Brush chopping - Skilled Labor Costs,1.2,$24.00 ,$20.00/hr * 1.20hr,,http://publications.dyson.cornell.edu/outreach/extensionpdf/2014/Cornell-Dyson-eb1401.pdf,,,,,,,
15,Mixed Fruits & Vegetables,Grapes (Conventional),,,,21,,,Preharvest,Custom,Variable,Brush chopping - Skilled Labor Costs,1.2,$24.00 ,$20.00/hr * 1.20hr,,http://publications.dyson.cornell.edu/outreach/extensionpdf/2014/Cornell-Dyson-eb1401.pdf,,,,,,,
15,Mixed Fruits & Vegetables,Grapes (Conventional),,,,22,,,Preharvest,Custom,Variable,Brush chopping - Skilled Labor Costs,1.2,$24.00 ,$20.00/hr * 1.20hr,,http://publications.dyson.cornell.edu/outreach/extensionpdf/2014/Cornell-Dyson-eb1401.pdf,,,,,,,
15,Mixed Fruits & Vegetables,Grapes (Conventional),,,,4,,,Preharvest,Equipment,Variable,Brush chopping - Equipment Costs,,$21.36 ,,,http://publications.dyson.cornell.edu/outreach/extensionpdf/2014/Cornell-Dyson-eb1401.pdf,,,,,,,
15,Mixed Fruits & Vegetables,Grapes (Conventional),,,,5,,,Preharvest,Equipment,Variable,Brush chopping - Equipment Costs,,$21.36 ,,,http://publications.dyson.cornell.edu/outreach/extensionpdf/2014/Cornell-Dyson-eb1401.pdf,,,,,,,
15,Mixed Fruits & Vegetables,Grapes (Conventional),,,,6,,,Preharvest,Equipment,Variable,Brush chopping - Equipment Costs,,$21.36 ,,,http://publications.dyson.cornell.edu/outreach/extensionpdf/2014/Cornell-Dyson-eb1401.pdf,,,,,,,
15,Mixed Fruits & Vegetables,Grapes (Conventional),,,,7,,,Preharvest,Equipment,Variable,Brush chopping - Equipment Costs,,$21.36 ,,,http://publications.dyson.cornell.edu/outreach/extensionpdf/2014/Cornell-Dyson-eb1401.pdf,,,,,,,
15,Mixed Fruits & Vegetables,Grapes (Conventional),,,,8,,,Preharvest,Equipment,Variable,Brush chopping - Equipment Costs,,$21.36 ,,,http://publications.dyson.cornell.edu/outreach/extensionpdf/2014/Cornell-Dyson-eb1401.pdf,,,,,,,
15,Mixed Fruits & Vegetables,Grapes (Conventional),,,,9,,,Preharvest,Equipment,Variable,Brush chopping - Equipment Costs,,$21.36 ,,,http://publications.dyson.cornell.edu/outreach/extensionpdf/2014/Cornell-Dyson-eb1401.pdf,,,,,,,
15,Mixed Fruits & Vegetables,Grapes (Conventional),,,,10,,,Preharvest,Equipment,Variable,Brush chopping - Equipment Costs,,$21.36 ,,,http://publications.dyson.cornell.edu/outreach/extensionpdf/2014/Cornell-Dyson-eb1401.pdf,,,,,,,
15,Mixed Fruits & Vegetables,Grapes (Conventional),,,,11,,,Preharvest,Equipment,Variable,Brush chopping - Equipment Costs,,$21.36 ,,,http://publications.dyson.cornell.edu/outreach/extensionpdf/2014/Cornell-Dyson-eb1401.pdf,,,,,,,
15,Mixed Fruits & Vegetables,Grapes (Conventional),,,,12,,,Preharvest,Equipment,Variable,Brush chopping - Equipment Costs,,$21.36 ,,,http://publications.dyson.cornell.edu/outreach/extensionpdf/2014/Cornell-Dyson-eb1401.pdf,,,,,,,
15,Mixed Fruits & Vegetables,Grapes (Conventional),,,,13,,,Preharvest,Equipment,Variable,Brush chopping - Equipment Costs,,$21.36 ,,,http://publications.dyson.cornell.edu/outreach/extensionpdf/2014/Cornell-Dyson-eb1401.pdf,,,,,,,
15,Mixed Fruits & Vegetables,Grapes (Conventional),,,,14,,,Preharvest,Equipment,Variable,Brush chopping - Equipment Costs,,$21.36 ,,,http://publications.dyson.cornell.edu/outreach/extensionpdf/2014/Cornell-Dyson-eb1401.pdf,,,,,,,
15,Mixed Fruits & Vegetables,Grapes (Conventional),,,,15,,,Preharvest,Equipment,Variable,Brush chopping - Equipment Costs,,$21.36 ,,,http://publications.dyson.cornell.edu/outreach/extensionpdf/2014/Cornell-Dyson-eb1401.pdf,,,,,,,
15,Mixed Fruits & Vegetables,Grapes (Conventional),,,,16,,,Preharvest,Equipment,Variable,Brush chopping - Equipment Costs,,$21.36 ,,,http://publications.dyson.cornell.edu/outreach/extensionpdf/2014/Cornell-Dyson-eb1401.pdf,,,,,,,
15,Mixed Fruits & Vegetables,Grapes (Conventional),,,,17,,,Preharvest,Equipment,Variable,Brush chopping - Equipment Costs,,$21.36 ,,,http://publications.dyson.cornell.edu/outreach/extensionpdf/2014/Cornell-Dyson-eb1401.pdf,,,,,,,
15,Mixed Fruits & Vegetables,Grapes (Conventional),,,,18,,,Preharvest,Equipment,Variable,Brush chopping - Equipment Costs,,$21.36 ,,,http://publications.dyson.cornell.edu/outreach/extensionpdf/2014/Cornell-Dyson-eb1401.pdf,,,,,,,
15,Mixed Fruits & Vegetables,Grapes (Conventional),,,,19,,,Preharvest,Equipment,Variable,Brush chopping - Equipment Costs,,$21.36 ,,,http://publications.dyson.cornell.edu/outreach/extensionpdf/2014/Cornell-Dyson-eb1401.pdf,,,,,,,
15,Mixed Fruits & Vegetables,Grapes (Conventional),,,,20,,,Preharvest,Equipment,Variable,Brush chopping - Equipment Costs,,$21.36 ,,,http://publications.dyson.cornell.edu/outreach/extensionpdf/2014/Cornell-Dyson-eb1401.pdf,,,,,,,
15,Mixed Fruits & Vegetables,Grapes (Conventional),,,,21,,,Preharvest,Equipment,Variable,Brush chopping - Equipment Costs,,$21.36 ,,,http://publications.dyson.cornell.edu/outreach/extensionpdf/2014/Cornell-Dyson-eb1401.pdf,,,,,,,
15,Mixed Fruits & Vegetables,Grapes (Conventional),,,,22,,,Preharvest,Equipment,Variable,Brush chopping - Equipment Costs,,$21.36 ,,,http://publications.dyson.cornell.edu/outreach/extensionpdf/2014/Cornell-Dyson-eb1401.pdf,,,,,,,
15,Mixed Fruits & Vegetables,Grapes (Conventional),,,,4,,,Preharvest,Labor,Variable,Trellis maintenance - Skilled Labor Costs,4,$80.00 ,$20.00/hr * 4.00hr,,http://publications.dyson.cornell.edu/outreach/extensionpdf/2014/Cornell-Dyson-eb1401.pdf,,,,,,,
15,Mixed Fruits & Vegetables,Grapes (Conventional),,,,5,,,Preharvest,Labor,Variable,Trellis maintenance - Skilled Labor Costs,4,$80.00 ,$20.00/hr * 4.00hr,,http://publications.dyson.cornell.edu/outreach/extensionpdf/2014/Cornell-Dyson-eb1401.pdf,,,,,,,
15,Mixed Fruits & Vegetables,Grapes (Conventional),,,,6,,,Preharvest,Labor,Variable,Trellis maintenance - Skilled Labor Costs,4,$80.00 ,$20.00/hr * 4.00hr,,http://publications.dyson.cornell.edu/outreach/extensionpdf/2014/Cornell-Dyson-eb1401.pdf,,,,,,,
15,Mixed Fruits & Vegetables,Grapes (Conventional),,,,7,,,Preharvest,Labor,Variable,Trellis maintenance - Skilled Labor Costs,4,$80.00 ,$20.00/hr * 4.00hr,,http://publications.dyson.cornell.edu/outreach/extensionpdf/2014/Cornell-Dyson-eb1401.pdf,,,,,,,
15,Mixed Fruits & Vegetables,Grapes (Conventional),,,,8,,,Preharvest,Labor,Variable,Trellis maintenance - Skilled Labor Costs,4,$80.00 ,$20.00/hr * 4.00hr,,http://publications.dyson.cornell.edu/outreach/extensionpdf/2014/Cornell-Dyson-eb1401.pdf,,,,,,,
15,Mixed Fruits & Vegetables,Grapes (Conventional),,,,9,,,Preharvest,Labor,Variable,Trellis maintenance - Skilled Labor Costs,4,$80.00 ,$20.00/hr * 4.00hr,,http://publications.dyson.cornell.edu/outreach/extensionpdf/2014/Cornell-Dyson-eb1401.pdf,,,,,,,
15,Mixed Fruits & Vegetables,Grapes (Conventional),,,,10,,,Preharvest,Labor,Variable,Trellis maintenance - Skilled Labor Costs,4,$80.00 ,$20.00/hr * 4.00hr,,http://publications.dyson.cornell.edu/outreach/extensionpdf/2014/Cornell-Dyson-eb1401.pdf,,,,,,,
15,Mixed Fruits & Vegetables,Grapes (Conventional),,,,11,,,Preharvest,Labor,Variable,Trellis maintenance - Skilled Labor Costs,4,$80.00 ,$20.00/hr * 4.00hr,,http://publications.dyson.cornell.edu/outreach/extensionpdf/2014/Cornell-Dyson-eb1401.pdf,,,,,,,
15,Mixed Fruits & Vegetables,Grapes (Conventional),,,,12,,,Preharvest,Labor,Variable,Trellis maintenance - Skilled Labor Costs,4,$80.00 ,$20.00/hr * 4.00hr,,http://publications.dyson.cornell.edu/outreach/extensionpdf/2014/Cornell-Dyson-eb1401.pdf,,,,,,,
15,Mixed Fruits & Vegetables,Grapes (Conventional),,,,13,,,Preharvest,Labor,Variable,Trellis maintenance - Skilled Labor Costs,4,$80.00 ,$20.00/hr * 4.00hr,,http://publications.dyson.cornell.edu/outreach/extensionpdf/2014/Cornell-Dyson-eb1401.pdf,,,,,,,
15,Mixed Fruits & Vegetables,Grapes (Conventional),,,,14,,,Preharvest,Labor,Variable,Trellis maintenance - Skilled Labor Costs,4,$80.00 ,$20.00/hr * 4.00hr,,http://publications.dyson.cornell.edu/outreach/extensionpdf/2014/Cornell-Dyson-eb1401.pdf,,,,,,,
15,Mixed Fruits & Vegetables,Grapes (Conventional),,,,15,,,Preharvest,Labor,Variable,Trellis maintenance - Skilled Labor Costs,4,$80.00 ,$20.00/hr * 4.00hr,,http://publications.dyson.cornell.edu/outreach/extensionpdf/2014/Cornell-Dyson-eb1401.pdf,,,,,,,
15,Mixed Fruits & Vegetables,Grapes (Conventional),,,,16,,,Preharvest,Labor,Variable,Trellis maintenance - Skilled Labor Costs,4,$80.00 ,$20.00/hr * 4.00hr,,http://publications.dyson.cornell.edu/outreach/extensionpdf/2014/Cornell-Dyson-eb1401.pdf,,,,,,,
15,Mixed Fruits & Vegetables,Grapes (Conventional),,,,17,,,Preharvest,Labor,Variable,Trellis maintenance - Skilled Labor Costs,4,$80.00 ,$20.00/hr * 4.00hr,,http://publications.dyson.cornell.edu/outreach/extensionpdf/2014/Cornell-Dyson-eb1401.pdf,,,,,,,
15,Mixed Fruits & Vegetables,Grapes (Conventional),,,,18,,,Preharvest,Labor,Variable,Trellis maintenance - Skilled Labor Costs,4,$80.00 ,$20.00/hr * 4.00hr,,http://publications.dyson.cornell.edu/outreach/extensionpdf/2014/Cornell-Dyson-eb1401.pdf,,,,,,,
15,Mixed Fruits & Vegetables,Grapes (Conventional),,,,19,,,Preharvest,Labor,Variable,Trellis maintenance - Skilled Labor Costs,4,$80.00 ,$20.00/hr * 4.00hr,,http://publications.dyson.cornell.edu/outreach/extensionpdf/2014/Cornell-Dyson-eb1401.pdf,,,,,,,
15,Mixed Fruits & Vegetables,Grapes (Conventional),,,,20,,,Preharvest,Labor,Variable,Trellis maintenance - Skilled Labor Costs,4,$80.00 ,$20.00/hr * 4.00hr,,http://publications.dyson.cornell.edu/outreach/extensionpdf/2014/Cornell-Dyson-eb1401.pdf,,,,,,,
15,Mixed Fruits & Vegetables,Grapes (Conventional),,,,21,,,Preharvest,Labor,Variable,Trellis maintenance - Skilled Labor Costs,4,$80.00 ,$20.00/hr * 4.00hr,,http://publications.dyson.cornell.edu/outreach/extensionpdf/2014/Cornell-Dyson-eb1401.pdf,,,,,,,
15,Mixed Fruits & Vegetables,Grapes (Conventional),,,,22,,,Preharvest,Labor,Variable,Trellis maintenance - Skilled Labor Costs,4,$80.00 ,$20.00/hr * 4.00hr,,http://publications.dyson.cornell.edu/outreach/extensionpdf/2014/Cornell-Dyson-eb1401.pdf,,,,,,,
15,Mixed Fruits & Vegetables,Grapes (Conventional),,,,4,,,Preharvest,Equipment,Variable,Trellis maintenance - Equipment Costs,,$16.59 ,,,http://publications.dyson.cornell.edu/outreach/extensionpdf/2014/Cornell-Dyson-eb1401.pdf,,,,,,,
15,Mixed Fruits & Vegetables,Grapes (Conventional),,,,5,,,Preharvest,Equipment,Variable,Trellis maintenance - Equipment Costs,,$16.59 ,,,http://publications.dyson.cornell.edu/outreach/extensionpdf/2014/Cornell-Dyson-eb1401.pdf,,,,,,,
15,Mixed Fruits & Vegetables,Grapes (Conventional),,,,6,,,Preharvest,Equipment,Variable,Trellis maintenance - Equipment Costs,,$16.59 ,,,http://publications.dyson.cornell.edu/outreach/extensionpdf/2014/Cornell-Dyson-eb1401.pdf,,,,,,,
15,Mixed Fruits & Vegetables,Grapes (Conventional),,,,7,,,Preharvest,Equipment,Variable,Trellis maintenance - Equipment Costs,,$16.59 ,,,http://publications.dyson.cornell.edu/outreach/extensionpdf/2014/Cornell-Dyson-eb1401.pdf,,,,,,,
15,Mixed Fruits & Vegetables,Grapes (Conventional),,,,8,,,Preharvest,Equipment,Variable,Trellis maintenance - Equipment Costs,,$16.59 ,,,http://publications.dyson.cornell.edu/outreach/extensionpdf/2014/Cornell-Dyson-eb1401.pdf,,,,,,,
15,Mixed Fruits & Vegetables,Grapes (Conventional),,,,9,,,Preharvest,Equipment,Variable,Trellis maintenance - Equipment Costs,,$16.59 ,,,http://publications.dyson.cornell.edu/outreach/extensionpdf/2014/Cornell-Dyson-eb1401.pdf,,,,,,,
15,Mixed Fruits & Vegetables,Grapes (Conventional),,,,10,,,Preharvest,Equipment,Variable,Trellis maintenance - Equipment Costs,,$16.59 ,,,http://publications.dyson.cornell.edu/outreach/extensionpdf/2014/Cornell-Dyson-eb1401.pdf,,,,,,,
15,Mixed Fruits & Vegetables,Grapes (Conventional),,,,11,,,Preharvest,Equipment,Variable,Trellis maintenance - Equipment Costs,,$16.59 ,,,http://publications.dyson.cornell.edu/outreach/extensionpdf/2014/Cornell-Dyson-eb1401.pdf,,,,,,,
15,Mixed Fruits & Vegetables,Grapes (Conventional),,,,12,,,Preharvest,Equipment,Variable,Trellis maintenance - Equipment Costs,,$16.59 ,,,http://publications.dyson.cornell.edu/outreach/extensionpdf/2014/Cornell-Dyson-eb1401.pdf,,,,,,,
15,Mixed Fruits & Vegetables,Grapes (Conventional),,,,13,,,Preharvest,Equipment,Variable,Trellis maintenance - Equipment Costs,,$16.59 ,,,http://publications.dyson.cornell.edu/outreach/extensionpdf/2014/Cornell-Dyson-eb1401.pdf,,,,,,,
15,Mixed Fruits & Vegetables,Grapes (Conventional),,,,14,,,Preharvest,Equipment,Variable,Trellis maintenance - Equipment Costs,,$16.59 ,,,http://publications.dyson.cornell.edu/outreach/extensionpdf/2014/Cornell-Dyson-eb1401.pdf,,,,,,,
15,Mixed Fruits & Vegetables,Grapes (Conventional),,,,15,,,Preharvest,Equipment,Variable,Trellis maintenance - Equipment Costs,,$16.59 ,,,http://publications.dyson.cornell.edu/outreach/extensionpdf/2014/Cornell-Dyson-eb1401.pdf,,,,,,,
15,Mixed Fruits & Vegetables,Grapes (Conventional),,,,16,,,Preharvest,Equipment,Variable,Trellis maintenance - Equipment Costs,,$16.59 ,,,http://publications.dyson.cornell.edu/outreach/extensionpdf/2014/Cornell-Dyson-eb1401.pdf,,,,,,,
15,Mixed Fruits & Vegetables,Grapes (Conventional),,,,17,,,Preharvest,Equipment,Variable,Trellis maintenance - Equipment Costs,,$16.59 ,,,http://publications.dyson.cornell.edu/outreach/extensionpdf/2014/Cornell-Dyson-eb1401.pdf,,,,,,,
15,Mixed Fruits & Vegetables,Grapes (Conventional),,,,18,,,Preharvest,Equipment,Variable,Trellis maintenance - Equipment Costs,,$16.59 ,,,http://publications.dyson.cornell.edu/outreach/extensionpdf/2014/Cornell-Dyson-eb1401.pdf,,,,,,,
15,Mixed Fruits & Vegetables,Grapes (Conventional),,,,19,,,Preharvest,Equipment,Variable,Trellis maintenance - Equipment Costs,,$16.59 ,,,http://publications.dyson.cornell.edu/outreach/extensionpdf/2014/Cornell-Dyson-eb1401.pdf,,,,,,,
15,Mixed Fruits & Vegetables,Grapes (Conventional),,,,20,,,Preharvest,Equipment,Variable,Trellis maintenance - Equipment Costs,,$16.59 ,,,http://publications.dyson.cornell.edu/outreach/extensionpdf/2014/Cornell-Dyson-eb1401.pdf,,,,,,,
15,Mixed Fruits & Vegetables,Grapes (Conventional),,,,21,,,Preharvest,Equipment,Variable,Trellis maintenance - Equipment Costs,,$16.59 ,,,http://publications.dyson.cornell.edu/outreach/extensionpdf/2014/Cornell-Dyson-eb1401.pdf,,,,,,,
15,Mixed Fruits & Vegetables,Grapes (Conventional),,,,22,,,Preharvest,Equipment,Variable,Trellis maintenance - Equipment Costs,,$16.59 ,,,http://publications.dyson.cornell.edu/outreach/extensionpdf/2014/Cornell-Dyson-eb1401.pdf,,,,,,,
15,Mixed Fruits & Vegetables,Grapes (Conventional),,,,4,,,Preharvest,Input,Variable,Trellis maintenance - Materials Costs,,$30.00 ,,,http://publications.dyson.cornell.edu/outreach/extensionpdf/2014/Cornell-Dyson-eb1401.pdf,,,,,,,
15,Mixed Fruits & Vegetables,Grapes (Conventional),,,,5,,,Preharvest,Input,Variable,Trellis maintenance - Materials Costs,,$30.00 ,,,http://publications.dyson.cornell.edu/outreach/extensionpdf/2014/Cornell-Dyson-eb1401.pdf,,,,,,,
15,Mixed Fruits & Vegetables,Grapes (Conventional),,,,6,,,Preharvest,Input,Variable,Trellis maintenance - Materials Costs,,$30.00 ,,,http://publications.dyson.cornell.edu/outreach/extensionpdf/2014/Cornell-Dyson-eb1401.pdf,,,,,,,
15,Mixed Fruits & Vegetables,Grapes (Conventional),,,,7,,,Preharvest,Input,Variable,Trellis maintenance - Materials Costs,,$30.00 ,,,http://publications.dyson.cornell.edu/outreach/extensionpdf/2014/Cornell-Dyson-eb1401.pdf,,,,,,,
15,Mixed Fruits & Vegetables,Grapes (Conventional),,,,8,,,Preharvest,Input,Variable,Trellis maintenance - Materials Costs,,$30.00 ,,,http://publications.dyson.cornell.edu/outreach/extensionpdf/2014/Cornell-Dyson-eb1401.pdf,,,,,,,
15,Mixed Fruits & Vegetables,Grapes (Conventional),,,,9,,,Preharvest,Input,Variable,Trellis maintenance - Materials Costs,,$30.00 ,,,http://publications.dyson.cornell.edu/outreach/extensionpdf/2014/Cornell-Dyson-eb1401.pdf,,,,,,,
15,Mixed Fruits & Vegetables,Grapes (Conventional),,,,10,,,Preharvest,Input,Variable,Trellis maintenance - Materials Costs,,$30.00 ,,,http://publications.dyson.cornell.edu/outreach/extensionpdf/2014/Cornell-Dyson-eb1401.pdf,,,,,,,
15,Mixed Fruits & Vegetables,Grapes (Conventional),,,,11,,,Preharvest,Input,Variable,Trellis maintenance - Materials Costs,,$30.00 ,,,http://publications.dyson.cornell.edu/outreach/extensionpdf/2014/Cornell-Dyson-eb1401.pdf,,,,,,,
15,Mixed Fruits & Vegetables,Grapes (Conventional),,,,12,,,Preharvest,Input,Variable,Trellis maintenance - Materials Costs,,$30.00 ,,,http://publications.dyson.cornell.edu/outreach/extensionpdf/2014/Cornell-Dyson-eb1401.pdf,,,,,,,
15,Mixed Fruits & Vegetables,Grapes (Conventional),,,,13,,,Preharvest,Input,Variable,Trellis maintenance - Materials Costs,,$30.00 ,,,http://publications.dyson.cornell.edu/outreach/extensionpdf/2014/Cornell-Dyson-eb1401.pdf,,,,,,,
15,Mixed Fruits & Vegetables,Grapes (Conventional),,,,14,,,Preharvest,Input,Variable,Trellis maintenance - Materials Costs,,$30.00 ,,,http://publications.dyson.cornell.edu/outreach/extensionpdf/2014/Cornell-Dyson-eb1401.pdf,,,,,,,
15,Mixed Fruits & Vegetables,Grapes (Conventional),,,,15,,,Preharvest,Input,Variable,Trellis maintenance - Materials Costs,,$30.00 ,,,http://publications.dyson.cornell.edu/outreach/extensionpdf/2014/Cornell-Dyson-eb1401.pdf,,,,,,,
15,Mixed Fruits & Vegetables,Grapes (Conventional),,,,16,,,Preharvest,Input,Variable,Trellis maintenance - Materials Costs,,$30.00 ,,,http://publications.dyson.cornell.edu/outreach/extensionpdf/2014/Cornell-Dyson-eb1401.pdf,,,,,,,
15,Mixed Fruits & Vegetables,Grapes (Conventional),,,,17,,,Preharvest,Input,Variable,Trellis maintenance - Materials Costs,,$30.00 ,,,http://publications.dyson.cornell.edu/outreach/extensionpdf/2014/Cornell-Dyson-eb1401.pdf,,,,,,,
15,Mixed Fruits & Vegetables,Grapes (Conventional),,,,18,,,Preharvest,Input,Variable,Trellis maintenance - Materials Costs,,$30.00 ,,,http://publications.dyson.cornell.edu/outreach/extensionpdf/2014/Cornell-Dyson-eb1401.pdf,,,,,,,
15,Mixed Fruits & Vegetables,Grapes (Conventional),,,,19,,,Preharvest,Input,Variable,Trellis maintenance - Materials Costs,,$30.00 ,,,http://publications.dyson.cornell.edu/outreach/extensionpdf/2014/Cornell-Dyson-eb1401.pdf,,,,,,,
15,Mixed Fruits & Vegetables,Grapes (Conventional),,,,20,,,Preharvest,Input,Variable,Trellis maintenance - Materials Costs,,$30.00 ,,,http://publications.dyson.cornell.edu/outreach/extensionpdf/2014/Cornell-Dyson-eb1401.pdf,,,,,,,
15,Mixed Fruits & Vegetables,Grapes (Conventional),,,,21,,,Preharvest,Input,Variable,Trellis maintenance - Materials Costs,,$30.00 ,,,http://publications.dyson.cornell.edu/outreach/extensionpdf/2014/Cornell-Dyson-eb1401.pdf,,,,,,,
15,Mixed Fruits & Vegetables,Grapes (Conventional),,,,22,,,Preharvest,Input,Variable,Trellis maintenance - Materials Costs,,$30.00 ,,,http://publications.dyson.cornell.edu/outreach/extensionpdf/2014/Cornell-Dyson-eb1401.pdf,,,,,,,
15,Mixed Fruits & Vegetables,Grapes (Conventional),,,,4,,,Preharvest,Custom,Variable,Tying & renewal ($0.23/vine) - Custom Labor,custom (piece rate),$185.53 ,,,http://publications.dyson.cornell.edu/outreach/extensionpdf/2014/Cornell-Dyson-eb1401.pdf,,,,,,,
15,Mixed Fruits & Vegetables,Grapes (Conventional),,,,5,,,Preharvest,Custom,Variable,Tying & renewal ($0.23/vine) - Custom Labor,custom (piece rate),$185.53 ,,,http://publications.dyson.cornell.edu/outreach/extensionpdf/2014/Cornell-Dyson-eb1401.pdf,,,,,,,
15,Mixed Fruits & Vegetables,Grapes (Conventional),,,,6,,,Preharvest,Custom,Variable,Tying & renewal ($0.23/vine) - Custom Labor,custom (piece rate),$185.53 ,,,http://publications.dyson.cornell.edu/outreach/extensionpdf/2014/Cornell-Dyson-eb1401.pdf,,,,,,,
15,Mixed Fruits & Vegetables,Grapes (Conventional),,,,7,,,Preharvest,Custom,Variable,Tying & renewal ($0.23/vine) - Custom Labor,custom (piece rate),$185.53 ,,,http://publications.dyson.cornell.edu/outreach/extensionpdf/2014/Cornell-Dyson-eb1401.pdf,,,,,,,
15,Mixed Fruits & Vegetables,Grapes (Conventional),,,,8,,,Preharvest,Custom,Variable,Tying & renewal ($0.23/vine) - Custom Labor,custom (piece rate),$185.53 ,,,http://publications.dyson.cornell.edu/outreach/extensionpdf/2014/Cornell-Dyson-eb1401.pdf,,,,,,,
15,Mixed Fruits & Vegetables,Grapes (Conventional),,,,9,,,Preharvest,Custom,Variable,Tying & renewal ($0.23/vine) - Custom Labor,custom (piece rate),$185.53 ,,,http://publications.dyson.cornell.edu/outreach/extensionpdf/2014/Cornell-Dyson-eb1401.pdf,,,,,,,
15,Mixed Fruits & Vegetables,Grapes (Conventional),,,,10,,,Preharvest,Custom,Variable,Tying & renewal ($0.23/vine) - Custom Labor,custom (piece rate),$185.53 ,,,http://publications.dyson.cornell.edu/outreach/extensionpdf/2014/Cornell-Dyson-eb1401.pdf,,,,,,,
15,Mixed Fruits & Vegetables,Grapes (Conventional),,,,11,,,Preharvest,Custom,Variable,Tying & renewal ($0.23/vine) - Custom Labor,custom (piece rate),$185.53 ,,,http://publications.dyson.cornell.edu/outreach/extensionpdf/2014/Cornell-Dyson-eb1401.pdf,,,,,,,
15,Mixed Fruits & Vegetables,Grapes (Conventional),,,,12,,,Preharvest,Custom,Variable,Tying & renewal ($0.23/vine) - Custom Labor,custom (piece rate),$185.53 ,,,http://publications.dyson.cornell.edu/outreach/extensionpdf/2014/Cornell-Dyson-eb1401.pdf,,,,,,,
15,Mixed Fruits & Vegetables,Grapes (Conventional),,,,13,,,Preharvest,Custom,Variable,Tying & renewal ($0.23/vine) - Custom Labor,custom (piece rate),$185.53 ,,,http://publications.dyson.cornell.edu/outreach/extensionpdf/2014/Cornell-Dyson-eb1401.pdf,,,,,,,
15,Mixed Fruits & Vegetables,Grapes (Conventional),,,,14,,,Preharvest,Custom,Variable,Tying & renewal ($0.23/vine) - Custom Labor,custom (piece rate),$185.53 ,,,http://publications.dyson.cornell.edu/outreach/extensionpdf/2014/Cornell-Dyson-eb1401.pdf,,,,,,,
15,Mixed Fruits & Vegetables,Grapes (Conventional),,,,15,,,Preharvest,Custom,Variable,Tying & renewal ($0.23/vine) - Custom Labor,custom (piece rate),$185.53 ,,,http://publications.dyson.cornell.edu/outreach/extensionpdf/2014/Cornell-Dyson-eb1401.pdf,,,,,,,
15,Mixed Fruits & Vegetables,Grapes (Conventional),,,,16,,,Preharvest,Custom,Variable,Tying & renewal ($0.23/vine) - Custom Labor,custom (piece rate),$185.53 ,,,http://publications.dyson.cornell.edu/outreach/extensionpdf/2014/Cornell-Dyson-eb1401.pdf,,,,,,,
15,Mixed Fruits & Vegetables,Grapes (Conventional),,,,17,,,Preharvest,Custom,Variable,Tying & renewal ($0.23/vine) - Custom Labor,custom (piece rate),$185.53 ,,,http://publications.dyson.cornell.edu/outreach/extensionpdf/2014/Cornell-Dyson-eb1401.pdf,,,,,,,
15,Mixed Fruits & Vegetables,Grapes (Conventional),,,,18,,,Preharvest,Custom,Variable,Tying & renewal ($0.23/vine) - Custom Labor,custom (piece rate),$185.53 ,,,http://publications.dyson.cornell.edu/outreach/extensionpdf/2014/Cornell-Dyson-eb1401.pdf,,,,,,,
15,Mixed Fruits & Vegetables,Grapes (Conventional),,,,19,,,Preharvest,Custom,Variable,Tying & renewal ($0.23/vine) - Custom Labor,custom (piece rate),$185.53 ,,,http://publications.dyson.cornell.edu/outreach/extensionpdf/2014/Cornell-Dyson-eb1401.pdf,,,,,,,
15,Mixed Fruits & Vegetables,Grapes (Conventional),,,,20,,,Preharvest,Custom,Variable,Tying & renewal ($0.23/vine) - Custom Labor,custom (piece rate),$185.53 ,,,http://publications.dyson.cornell.edu/outreach/extensionpdf/2014/Cornell-Dyson-eb1401.pdf,,,,,,,
15,Mixed Fruits & Vegetables,Grapes (Conventional),,,,21,,,Preharvest,Custom,Variable,Tying & renewal ($0.23/vine) - Custom Labor,custom (piece rate),$185.53 ,,,http://publications.dyson.cornell.edu/outreach/extensionpdf/2014/Cornell-Dyson-eb1401.pdf,,,,,,,
15,Mixed Fruits & Vegetables,Grapes (Conventional),,,,22,,,Preharvest,Custom,Variable,Tying & renewal ($0.23/vine) - Custom Labor,custom (piece rate),$185.53 ,,,http://publications.dyson.cornell.edu/outreach/extensionpdf/2014/Cornell-Dyson-eb1401.pdf,,,,,,,
15,Mixed Fruits & Vegetables,Grapes (Conventional),,,,4,,,Preharvest,Input,Variable,Tying & renewal ($0.23/vine) - Material Costs,,$3.15 ,,,http://publications.dyson.cornell.edu/outreach/extensionpdf/2014/Cornell-Dyson-eb1401.pdf,,,,,,,
15,Mixed Fruits & Vegetables,Grapes (Conventional),,,,5,,,Preharvest,Input,Variable,Tying & renewal ($0.23/vine) - Material Costs,,$3.15 ,,,http://publications.dyson.cornell.edu/outreach/extensionpdf/2014/Cornell-Dyson-eb1401.pdf,,,,,,,
15,Mixed Fruits & Vegetables,Grapes (Conventional),,,,6,,,Preharvest,Input,Variable,Tying & renewal ($0.23/vine) - Material Costs,,$3.15 ,,,http://publications.dyson.cornell.edu/outreach/extensionpdf/2014/Cornell-Dyson-eb1401.pdf,,,,,,,
15,Mixed Fruits & Vegetables,Grapes (Conventional),,,,7,,,Preharvest,Input,Variable,Tying & renewal ($0.23/vine) - Material Costs,,$3.15 ,,,http://publications.dyson.cornell.edu/outreach/extensionpdf/2014/Cornell-Dyson-eb1401.pdf,,,,,,,
15,Mixed Fruits & Vegetables,Grapes (Conventional),,,,8,,,Preharvest,Input,Variable,Tying & renewal ($0.23/vine) - Material Costs,,$3.15 ,,,http://publications.dyson.cornell.edu/outreach/extensionpdf/2014/Cornell-Dyson-eb1401.pdf,,,,,,,
15,Mixed Fruits & Vegetables,Grapes (Conventional),,,,9,,,Preharvest,Input,Variable,Tying & renewal ($0.23/vine) - Material Costs,,$3.15 ,,,http://publications.dyson.cornell.edu/outreach/extensionpdf/2014/Cornell-Dyson-eb1401.pdf,,,,,,,
15,Mixed Fruits & Vegetables,Grapes (Conventional),,,,10,,,Preharvest,Input,Variable,Tying & renewal ($0.23/vine) - Material Costs,,$3.15 ,,,http://publications.dyson.cornell.edu/outreach/extensionpdf/2014/Cornell-Dyson-eb1401.pdf,,,,,,,
15,Mixed Fruits & Vegetables,Grapes (Conventional),,,,11,,,Preharvest,Input,Variable,Tying & renewal ($0.23/vine) - Material Costs,,$3.15 ,,,http://publications.dyson.cornell.edu/outreach/extensionpdf/2014/Cornell-Dyson-eb1401.pdf,,,,,,,
15,Mixed Fruits & Vegetables,Grapes (Conventional),,,,12,,,Preharvest,Input,Variable,Tying & renewal ($0.23/vine) - Material Costs,,$3.15 ,,,http://publications.dyson.cornell.edu/outreach/extensionpdf/2014/Cornell-Dyson-eb1401.pdf,,,,,,,
15,Mixed Fruits & Vegetables,Grapes (Conventional),,,,13,,,Preharvest,Input,Variable,Tying & renewal ($0.23/vine) - Material Costs,,$3.15 ,,,http://publications.dyson.cornell.edu/outreach/extensionpdf/2014/Cornell-Dyson-eb1401.pdf,,,,,,,
15,Mixed Fruits & Vegetables,Grapes (Conventional),,,,14,,,Preharvest,Input,Variable,Tying & renewal ($0.23/vine) - Material Costs,,$3.15 ,,,http://publications.dyson.cornell.edu/outreach/extensionpdf/2014/Cornell-Dyson-eb1401.pdf,,,,,,,
15,Mixed Fruits & Vegetables,Grapes (Conventional),,,,15,,,Preharvest,Input,Variable,Tying & renewal ($0.23/vine) - Material Costs,,$3.15 ,,,http://publications.dyson.cornell.edu/outreach/extensionpdf/2014/Cornell-Dyson-eb1401.pdf,,,,,,,
15,Mixed Fruits & Vegetables,Grapes (Conventional),,,,16,,,Preharvest,Input,Variable,Tying & renewal ($0.23/vine) - Material Costs,,$3.15 ,,,http://publications.dyson.cornell.edu/outreach/extensionpdf/2014/Cornell-Dyson-eb1401.pdf,,,,,,,
15,Mixed Fruits & Vegetables,Grapes (Conventional),,,,17,,,Preharvest,Input,Variable,Tying & renewal ($0.23/vine) - Material Costs,,$3.15 ,,,http://publications.dyson.cornell.edu/outreach/extensionpdf/2014/Cornell-Dyson-eb1401.pdf,,,,,,,
15,Mixed Fruits & Vegetables,Grapes (Conventional),,,,18,,,Preharvest,Input,Variable,Tying & renewal ($0.23/vine) - Material Costs,,$3.15 ,,,http://publications.dyson.cornell.edu/outreach/extensionpdf/2014/Cornell-Dyson-eb1401.pdf,,,,,,,
15,Mixed Fruits & Vegetables,Grapes (Conventional),,,,19,,,Preharvest,Input,Variable,Tying & renewal ($0.23/vine) - Material Costs,,$3.15 ,,,http://publications.dyson.cornell.edu/outreach/extensionpdf/2014/Cornell-Dyson-eb1401.pdf,,,,,,,
15,Mixed Fruits & Vegetables,Grapes (Conventional),,,,20,,,Preharvest,Input,Variable,Tying & renewal ($0.23/vine) - Material Costs,,$3.15 ,,,http://publications.dyson.cornell.edu/outreach/extensionpdf/2014/Cornell-Dyson-eb1401.pdf,,,,,,,
15,Mixed Fruits & Vegetables,Grapes (Conventional),,,,21,,,Preharvest,Input,Variable,Tying & renewal ($0.23/vine) - Material Costs,,$3.15 ,,,http://publications.dyson.cornell.edu/outreach/extensionpdf/2014/Cornell-Dyson-eb1401.pdf,,,,,,,
15,Mixed Fruits & Vegetables,Grapes (Conventional),,,,22,,,Preharvest,Input,Variable,Tying & renewal ($0.23/vine) - Material Costs,,$3.15 ,,,http://publications.dyson.cornell.edu/outreach/extensionpdf/2014/Cornell-Dyson-eb1401.pdf,,,,,,,
15,Mixed Fruits & Vegetables,Grapes (Conventional),,,,4,,,Preharvest,Labor,Variable,Vine Replacement - Skilled Labor Costs,2,$40.00 ,$20.00/hr * 2.00hr,,http://publications.dyson.cornell.edu/outreach/extensionpdf/2014/Cornell-Dyson-eb1401.pdf,,,,,,,
15,Mixed Fruits & Vegetables,Grapes (Conventional),,,,5,,,Preharvest,Labor,Variable,Vine Replacement - Skilled Labor Costs,2,$40.00 ,$20.00/hr * 2.00hr,,http://publications.dyson.cornell.edu/outreach/extensionpdf/2014/Cornell-Dyson-eb1401.pdf,,,,,,,
15,Mixed Fruits & Vegetables,Grapes (Conventional),,,,6,,,Preharvest,Labor,Variable,Vine Replacement - Skilled Labor Costs,2,$40.00 ,$20.00/hr * 2.00hr,,http://publications.dyson.cornell.edu/outreach/extensionpdf/2014/Cornell-Dyson-eb1401.pdf,,,,,,,
15,Mixed Fruits & Vegetables,Grapes (Conventional),,,,7,,,Preharvest,Labor,Variable,Vine Replacement - Skilled Labor Costs,2,$40.00 ,$20.00/hr * 2.00hr,,http://publications.dyson.cornell.edu/outreach/extensionpdf/2014/Cornell-Dyson-eb1401.pdf,,,,,,,
15,Mixed Fruits & Vegetables,Grapes (Conventional),,,,8,,,Preharvest,Labor,Variable,Vine Replacement - Skilled Labor Costs,2,$40.00 ,$20.00/hr * 2.00hr,,http://publications.dyson.cornell.edu/outreach/extensionpdf/2014/Cornell-Dyson-eb1401.pdf,,,,,,,
15,Mixed Fruits & Vegetables,Grapes (Conventional),,,,9,,,Preharvest,Labor,Variable,Vine Replacement - Skilled Labor Costs,2,$40.00 ,$20.00/hr * 2.00hr,,http://publications.dyson.cornell.edu/outreach/extensionpdf/2014/Cornell-Dyson-eb1401.pdf,,,,,,,
15,Mixed Fruits & Vegetables,Grapes (Conventional),,,,10,,,Preharvest,Labor,Variable,Vine Replacement - Skilled Labor Costs,2,$40.00 ,$20.00/hr * 2.00hr,,http://publications.dyson.cornell.edu/outreach/extensionpdf/2014/Cornell-Dyson-eb1401.pdf,,,,,,,
15,Mixed Fruits & Vegetables,Grapes (Conventional),,,,11,,,Preharvest,Labor,Variable,Vine Replacement - Skilled Labor Costs,2,$40.00 ,$20.00/hr * 2.00hr,,http://publications.dyson.cornell.edu/outreach/extensionpdf/2014/Cornell-Dyson-eb1401.pdf,,,,,,,
15,Mixed Fruits & Vegetables,Grapes (Conventional),,,,12,,,Preharvest,Labor,Variable,Vine Replacement - Skilled Labor Costs,2,$40.00 ,$20.00/hr * 2.00hr,,http://publications.dyson.cornell.edu/outreach/extensionpdf/2014/Cornell-Dyson-eb1401.pdf,,,,,,,
15,Mixed Fruits & Vegetables,Grapes (Conventional),,,,13,,,Preharvest,Labor,Variable,Vine Replacement - Skilled Labor Costs,2,$40.00 ,$20.00/hr * 2.00hr,,http://publications.dyson.cornell.edu/outreach/extensionpdf/2014/Cornell-Dyson-eb1401.pdf,,,,,,,
15,Mixed Fruits & Vegetables,Grapes (Conventional),,,,14,,,Preharvest,Labor,Variable,Vine Replacement - Skilled Labor Costs,2,$40.00 ,$20.00/hr * 2.00hr,,http://publications.dyson.cornell.edu/outreach/extensionpdf/2014/Cornell-Dyson-eb1401.pdf,,,,,,,
15,Mixed Fruits & Vegetables,Grapes (Conventional),,,,15,,,Preharvest,Labor,Variable,Vine Replacement - Skilled Labor Costs,2,$40.00 ,$20.00/hr * 2.00hr,,http://publications.dyson.cornell.edu/outreach/extensionpdf/2014/Cornell-Dyson-eb1401.pdf,,,,,,,
15,Mixed Fruits & Vegetables,Grapes (Conventional),,,,16,,,Preharvest,Labor,Variable,Vine Replacement - Skilled Labor Costs,2,$40.00 ,$20.00/hr * 2.00hr,,http://publications.dyson.cornell.edu/outreach/extensionpdf/2014/Cornell-Dyson-eb1401.pdf,,,,,,,
15,Mixed Fruits & Vegetables,Grapes (Conventional),,,,17,,,Preharvest,Labor,Variable,Vine Replacement - Skilled Labor Costs,2,$40.00 ,$20.00/hr * 2.00hr,,http://publications.dyson.cornell.edu/outreach/extensionpdf/2014/Cornell-Dyson-eb1401.pdf,,,,,,,
15,Mixed Fruits & Vegetables,Grapes (Conventional),,,,18,,,Preharvest,Labor,Variable,Vine Replacement - Skilled Labor Costs,2,$40.00 ,$20.00/hr * 2.00hr,,http://publications.dyson.cornell.edu/outreach/extensionpdf/2014/Cornell-Dyson-eb1401.pdf,,,,,,,
15,Mixed Fruits & Vegetables,Grapes (Conventional),,,,19,,,Preharvest,Labor,Variable,Vine Replacement - Skilled Labor Costs,2,$40.00 ,$20.00/hr * 2.00hr,,http://publications.dyson.cornell.edu/outreach/extensionpdf/2014/Cornell-Dyson-eb1401.pdf,,,,,,,
15,Mixed Fruits & Vegetables,Grapes (Conventional),,,,20,,,Preharvest,Labor,Variable,Vine Replacement - Skilled Labor Costs,2,$40.00 ,$20.00/hr * 2.00hr,,http://publications.dyson.cornell.edu/outreach/extensionpdf/2014/Cornell-Dyson-eb1401.pdf,,,,,,,
15,Mixed Fruits & Vegetables,Grapes (Conventional),,,,21,,,Preharvest,Labor,Variable,Vine Replacement - Skilled Labor Costs,2,$40.00 ,$20.00/hr * 2.00hr,,http://publications.dyson.cornell.edu/outreach/extensionpdf/2014/Cornell-Dyson-eb1401.pdf,,,,,,,
15,Mixed Fruits & Vegetables,Grapes (Conventional),,,,22,,,Preharvest,Labor,Variable,Vine Replacement - Skilled Labor Costs,2,$40.00 ,$20.00/hr * 2.00hr,,http://publications.dyson.cornell.edu/outreach/extensionpdf/2014/Cornell-Dyson-eb1401.pdf,,,,,,,
15,Mixed Fruits & Vegetables,Grapes (Conventional),,,,4,,,Preharvest,Equipment,Variable,Vine Replacement - Equipment Costs,,$37.97 ,,,http://publications.dyson.cornell.edu/outreach/extensionpdf/2014/Cornell-Dyson-eb1401.pdf,,,,,,,
15,Mixed Fruits & Vegetables,Grapes (Conventional),,,,5,,,Preharvest,Equipment,Variable,Vine Replacement - Equipment Costs,,$37.97 ,,,http://publications.dyson.cornell.edu/outreach/extensionpdf/2014/Cornell-Dyson-eb1401.pdf,,,,,,,
15,Mixed Fruits & Vegetables,Grapes (Conventional),,,,6,,,Preharvest,Equipment,Variable,Vine Replacement - Equipment Costs,,$37.97 ,,,http://publications.dyson.cornell.edu/outreach/extensionpdf/2014/Cornell-Dyson-eb1401.pdf,,,,,,,
15,Mixed Fruits & Vegetables,Grapes (Conventional),,,,7,,,Preharvest,Equipment,Variable,Vine Replacement - Equipment Costs,,$37.97 ,,,http://publications.dyson.cornell.edu/outreach/extensionpdf/2014/Cornell-Dyson-eb1401.pdf,,,,,,,
15,Mixed Fruits & Vegetables,Grapes (Conventional),,,,8,,,Preharvest,Equipment,Variable,Vine Replacement - Equipment Costs,,$37.97 ,,,http://publications.dyson.cornell.edu/outreach/extensionpdf/2014/Cornell-Dyson-eb1401.pdf,,,,,,,
15,Mixed Fruits & Vegetables,Grapes (Conventional),,,,9,,,Preharvest,Equipment,Variable,Vine Replacement - Equipment Costs,,$37.97 ,,,http://publications.dyson.cornell.edu/outreach/extensionpdf/2014/Cornell-Dyson-eb1401.pdf,,,,,,,
15,Mixed Fruits & Vegetables,Grapes (Conventional),,,,10,,,Preharvest,Equipment,Variable,Vine Replacement - Equipment Costs,,$37.97 ,,,http://publications.dyson.cornell.edu/outreach/extensionpdf/2014/Cornell-Dyson-eb1401.pdf,,,,,,,
15,Mixed Fruits & Vegetables,Grapes (Conventional),,,,11,,,Preharvest,Equipment,Variable,Vine Replacement - Equipment Costs,,$37.97 ,,,http://publications.dyson.cornell.edu/outreach/extensionpdf/2014/Cornell-Dyson-eb1401.pdf,,,,,,,
15,Mixed Fruits & Vegetables,Grapes (Conventional),,,,12,,,Preharvest,Equipment,Variable,Vine Replacement - Equipment Costs,,$37.97 ,,,http://publications.dyson.cornell.edu/outreach/extensionpdf/2014/Cornell-Dyson-eb1401.pdf,,,,,,,
15,Mixed Fruits & Vegetables,Grapes (Conventional),,,,13,,,Preharvest,Equipment,Variable,Vine Replacement - Equipment Costs,,$37.97 ,,,http://publications.dyson.cornell.edu/outreach/extensionpdf/2014/Cornell-Dyson-eb1401.pdf,,,,,,,
15,Mixed Fruits & Vegetables,Grapes (Conventional),,,,14,,,Preharvest,Equipment,Variable,Vine Replacement - Equipment Costs,,$37.97 ,,,http://publications.dyson.cornell.edu/outreach/extensionpdf/2014/Cornell-Dyson-eb1401.pdf,,,,,,,
15,Mixed Fruits & Vegetables,Grapes (Conventional),,,,15,,,Preharvest,Equipment,Variable,Vine Replacement - Equipment Costs,,$37.97 ,,,http://publications.dyson.cornell.edu/outreach/extensionpdf/2014/Cornell-Dyson-eb1401.pdf,,,,,,,
15,Mixed Fruits & Vegetables,Grapes (Conventional),,,,16,,,Preharvest,Equipment,Variable,Vine Replacement - Equipment Costs,,$37.97 ,,,http://publications.dyson.cornell.edu/outreach/extensionpdf/2014/Cornell-Dyson-eb1401.pdf,,,,,,,
15,Mixed Fruits & Vegetables,Grapes (Conventional),,,,17,,,Preharvest,Equipment,Variable,Vine Replacement - Equipment Costs,,$37.97 ,,,http://publications.dyson.cornell.edu/outreach/extensionpdf/2014/Cornell-Dyson-eb1401.pdf,,,,,,,
15,Mixed Fruits & Vegetables,Grapes (Conventional),,,,18,,,Preharvest,Equipment,Variable,Vine Replacement - Equipment Costs,,$37.97 ,,,http://publications.dyson.cornell.edu/outreach/extensionpdf/2014/Cornell-Dyson-eb1401.pdf,,,,,,,
15,Mixed Fruits & Vegetables,Grapes (Conventional),,,,19,,,Preharvest,Equipment,Variable,Vine Replacement - Equipment Costs,,$37.97 ,,,http://publications.dyson.cornell.edu/outreach/extensionpdf/2014/Cornell-Dyson-eb1401.pdf,,,,,,,
15,Mixed Fruits & Vegetables,Grapes (Conventional),,,,20,,,Preharvest,Equipment,Variable,Vine Replacement - Equipment Costs,,$37.97 ,,,http://publications.dyson.cornell.edu/outreach/extensionpdf/2014/Cornell-Dyson-eb1401.pdf,,,,,,,
15,Mixed Fruits & Vegetables,Grapes (Conventional),,,,21,,,Preharvest,Equipment,Variable,Vine Replacement - Equipment Costs,,$37.97 ,,,http://publications.dyson.cornell.edu/outreach/extensionpdf/2014/Cornell-Dyson-eb1401.pdf,,,,,,,
15,Mixed Fruits & Vegetables,Grapes (Conventional),,,,22,,,Preharvest,Equipment,Variable,Vine Replacement - Equipment Costs,,$37.97 ,,,http://publications.dyson.cornell.edu/outreach/extensionpdf/2014/Cornell-Dyson-eb1401.pdf,,,,,,,
15,Mixed Fruits & Vegetables,Grapes (Conventional),,,,4,,,Preharvest,Input,Variable,Vine Replacement - Material Costs,,$56.47 ,,,http://publications.dyson.cornell.edu/outreach/extensionpdf/2014/Cornell-Dyson-eb1401.pdf,,,,,,,
15,Mixed Fruits & Vegetables,Grapes (Conventional),,,,5,,,Preharvest,Input,Variable,Vine Replacement - Material Costs,,$56.47 ,,,http://publications.dyson.cornell.edu/outreach/extensionpdf/2014/Cornell-Dyson-eb1401.pdf,,,,,,,
15,Mixed Fruits & Vegetables,Grapes (Conventional),,,,6,,,Preharvest,Input,Variable,Vine Replacement - Material Costs,,$56.47 ,,,http://publications.dyson.cornell.edu/outreach/extensionpdf/2014/Cornell-Dyson-eb1401.pdf,,,,,,,
15,Mixed Fruits & Vegetables,Grapes (Conventional),,,,7,,,Preharvest,Input,Variable,Vine Replacement - Material Costs,,$56.47 ,,,http://publications.dyson.cornell.edu/outreach/extensionpdf/2014/Cornell-Dyson-eb1401.pdf,,,,,,,
15,Mixed Fruits & Vegetables,Grapes (Conventional),,,,8,,,Preharvest,Input,Variable,Vine Replacement - Material Costs,,$56.47 ,,,http://publications.dyson.cornell.edu/outreach/extensionpdf/2014/Cornell-Dyson-eb1401.pdf,,,,,,,
15,Mixed Fruits & Vegetables,Grapes (Conventional),,,,9,,,Preharvest,Input,Variable,Vine Replacement - Material Costs,,$56.47 ,,,http://publications.dyson.cornell.edu/outreach/extensionpdf/2014/Cornell-Dyson-eb1401.pdf,,,,,,,
15,Mixed Fruits & Vegetables,Grapes (Conventional),,,,10,,,Preharvest,Input,Variable,Vine Replacement - Material Costs,,$56.47 ,,,http://publications.dyson.cornell.edu/outreach/extensionpdf/2014/Cornell-Dyson-eb1401.pdf,,,,,,,
15,Mixed Fruits & Vegetables,Grapes (Conventional),,,,11,,,Preharvest,Input,Variable,Vine Replacement - Material Costs,,$56.47 ,,,http://publications.dyson.cornell.edu/outreach/extensionpdf/2014/Cornell-Dyson-eb1401.pdf,,,,,,,
15,Mixed Fruits & Vegetables,Grapes (Conventional),,,,12,,,Preharvest,Input,Variable,Vine Replacement - Material Costs,,$56.47 ,,,http://publications.dyson.cornell.edu/outreach/extensionpdf/2014/Cornell-Dyson-eb1401.pdf,,,,,,,
15,Mixed Fruits & Vegetables,Grapes (Conventional),,,,13,,,Preharvest,Input,Variable,Vine Replacement - Material Costs,,$56.47 ,,,http://publications.dyson.cornell.edu/outreach/extensionpdf/2014/Cornell-Dyson-eb1401.pdf,,,,,,,
15,Mixed Fruits & Vegetables,Grapes (Conventional),,,,14,,,Preharvest,Input,Variable,Vine Replacement - Material Costs,,$56.47 ,,,http://publications.dyson.cornell.edu/outreach/extensionpdf/2014/Cornell-Dyson-eb1401.pdf,,,,,,,
15,Mixed Fruits & Vegetables,Grapes (Conventional),,,,15,,,Preharvest,Input,Variable,Vine Replacement - Material Costs,,$56.47 ,,,http://publications.dyson.cornell.edu/outreach/extensionpdf/2014/Cornell-Dyson-eb1401.pdf,,,,,,,
15,Mixed Fruits & Vegetables,Grapes (Conventional),,,,16,,,Preharvest,Input,Variable,Vine Replacement - Material Costs,,$56.47 ,,,http://publications.dyson.cornell.edu/outreach/extensionpdf/2014/Cornell-Dyson-eb1401.pdf,,,,,,,
15,Mixed Fruits & Vegetables,Grapes (Conventional),,,,17,,,Preharvest,Input,Variable,Vine Replacement - Material Costs,,$56.47 ,,,http://publications.dyson.cornell.edu/outreach/extensionpdf/2014/Cornell-Dyson-eb1401.pdf,,,,,,,
15,Mixed Fruits & Vegetables,Grapes (Conventional),,,,18,,,Preharvest,Input,Variable,Vine Replacement - Material Costs,,$56.47 ,,,http://publications.dyson.cornell.edu/outreach/extensionpdf/2014/Cornell-Dyson-eb1401.pdf,,,,,,,
15,Mixed Fruits & Vegetables,Grapes (Conventional),,,,19,,,Preharvest,Input,Variable,Vine Replacement - Material Costs,,$56.47 ,,,http://publications.dyson.cornell.edu/outreach/extensionpdf/2014/Cornell-Dyson-eb1401.pdf,,,,,,,
15,Mixed Fruits & Vegetables,Grapes (Conventional),,,,20,,,Preharvest,Input,Variable,Vine Replacement - Material Costs,,$56.47 ,,,http://publications.dyson.cornell.edu/outreach/extensionpdf/2014/Cornell-Dyson-eb1401.pdf,,,,,,,
15,Mixed Fruits & Vegetables,Grapes (Conventional),,,,21,,,Preharvest,Input,Variable,Vine Replacement - Material Costs,,$56.47 ,,,http://publications.dyson.cornell.edu/outreach/extensionpdf/2014/Cornell-Dyson-eb1401.pdf,,,,,,,
15,Mixed Fruits & Vegetables,Grapes (Conventional),,,,22,,,Preharvest,Input,Variable,Vine Replacement - Material Costs,,$56.47 ,,,http://publications.dyson.cornell.edu/outreach/extensionpdf/2014/Cornell-Dyson-eb1401.pdf,,,,,,,
15,Mixed Fruits & Vegetables,Grapes (Conventional),,,,4,,,Preharvest,Labor,Variable,Chem. Weed control - trellis - Skilled Labor Costs,2.6,$52.00 ,$20.00/hr * 2.60hr,,http://publications.dyson.cornell.edu/outreach/extensionpdf/2014/Cornell-Dyson-eb1401.pdf,,,,,,,
15,Mixed Fruits & Vegetables,Grapes (Conventional),,,,5,,,Preharvest,Labor,Variable,Chem. Weed control - trellis - Skilled Labor Costs,2.6,$52.00 ,$20.00/hr * 2.60hr,,http://publications.dyson.cornell.edu/outreach/extensionpdf/2014/Cornell-Dyson-eb1401.pdf,,,,,,,
15,Mixed Fruits & Vegetables,Grapes (Conventional),,,,6,,,Preharvest,Labor,Variable,Chem. Weed control - trellis - Skilled Labor Costs,2.6,$52.00 ,$20.00/hr * 2.60hr,,http://publications.dyson.cornell.edu/outreach/extensionpdf/2014/Cornell-Dyson-eb1401.pdf,,,,,,,
15,Mixed Fruits & Vegetables,Grapes (Conventional),,,,7,,,Preharvest,Labor,Variable,Chem. Weed control - trellis - Skilled Labor Costs,2.6,$52.00 ,$20.00/hr * 2.60hr,,http://publications.dyson.cornell.edu/outreach/extensionpdf/2014/Cornell-Dyson-eb1401.pdf,,,,,,,
15,Mixed Fruits & Vegetables,Grapes (Conventional),,,,8,,,Preharvest,Labor,Variable,Chem. Weed control - trellis - Skilled Labor Costs,2.6,$52.00 ,$20.00/hr * 2.60hr,,http://publications.dyson.cornell.edu/outreach/extensionpdf/2014/Cornell-Dyson-eb1401.pdf,,,,,,,
15,Mixed Fruits & Vegetables,Grapes (Conventional),,,,9,,,Preharvest,Labor,Variable,Chem. Weed control - trellis - Skilled Labor Costs,2.6,$52.00 ,$20.00/hr * 2.60hr,,http://publications.dyson.cornell.edu/outreach/extensionpdf/2014/Cornell-Dyson-eb1401.pdf,,,,,,,
15,Mixed Fruits & Vegetables,Grapes (Conventional),,,,10,,,Preharvest,Labor,Variable,Chem. Weed control - trellis - Skilled Labor Costs,2.6,$52.00 ,$20.00/hr * 2.60hr,,http://publications.dyson.cornell.edu/outreach/extensionpdf/2014/Cornell-Dyson-eb1401.pdf,,,,,,,
15,Mixed Fruits & Vegetables,Grapes (Conventional),,,,11,,,Preharvest,Labor,Variable,Chem. Weed control - trellis - Skilled Labor Costs,2.6,$52.00 ,$20.00/hr * 2.60hr,,http://publications.dyson.cornell.edu/outreach/extensionpdf/2014/Cornell-Dyson-eb1401.pdf,,,,,,,
15,Mixed Fruits & Vegetables,Grapes (Conventional),,,,12,,,Preharvest,Labor,Variable,Chem. Weed control - trellis - Skilled Labor Costs,2.6,$52.00 ,$20.00/hr * 2.60hr,,http://publications.dyson.cornell.edu/outreach/extensionpdf/2014/Cornell-Dyson-eb1401.pdf,,,,,,,
15,Mixed Fruits & Vegetables,Grapes (Conventional),,,,13,,,Preharvest,Labor,Variable,Chem. Weed control - trellis - Skilled Labor Costs,2.6,$52.00 ,$20.00/hr * 2.60hr,,http://publications.dyson.cornell.edu/outreach/extensionpdf/2014/Cornell-Dyson-eb1401.pdf,,,,,,,
15,Mixed Fruits & Vegetables,Grapes (Conventional),,,,14,,,Preharvest,Labor,Variable,Chem. Weed control - trellis - Skilled Labor Costs,2.6,$52.00 ,$20.00/hr * 2.60hr,,http://publications.dyson.cornell.edu/outreach/extensionpdf/2014/Cornell-Dyson-eb1401.pdf,,,,,,,
15,Mixed Fruits & Vegetables,Grapes (Conventional),,,,15,,,Preharvest,Labor,Variable,Chem. Weed control - trellis - Skilled Labor Costs,2.6,$52.00 ,$20.00/hr * 2.60hr,,http://publications.dyson.cornell.edu/outreach/extensionpdf/2014/Cornell-Dyson-eb1401.pdf,,,,,,,
15,Mixed Fruits & Vegetables,Grapes (Conventional),,,,16,,,Preharvest,Labor,Variable,Chem. Weed control - trellis - Skilled Labor Costs,2.6,$52.00 ,$20.00/hr * 2.60hr,,http://publications.dyson.cornell.edu/outreach/extensionpdf/2014/Cornell-Dyson-eb1401.pdf,,,,,,,
15,Mixed Fruits & Vegetables,Grapes (Conventional),,,,17,,,Preharvest,Labor,Variable,Chem. Weed control - trellis - Skilled Labor Costs,2.6,$52.00 ,$20.00/hr * 2.60hr,,http://publications.dyson.cornell.edu/outreach/extensionpdf/2014/Cornell-Dyson-eb1401.pdf,,,,,,,
15,Mixed Fruits & Vegetables,Grapes (Conventional),,,,18,,,Preharvest,Labor,Variable,Chem. Weed control - trellis - Skilled Labor Costs,2.6,$52.00 ,$20.00/hr * 2.60hr,,http://publications.dyson.cornell.edu/outreach/extensionpdf/2014/Cornell-Dyson-eb1401.pdf,,,,,,,
15,Mixed Fruits & Vegetables,Grapes (Conventional),,,,19,,,Preharvest,Labor,Variable,Chem. Weed control - trellis - Skilled Labor Costs,2.6,$52.00 ,$20.00/hr * 2.60hr,,http://publications.dyson.cornell.edu/outreach/extensionpdf/2014/Cornell-Dyson-eb1401.pdf,,,,,,,
15,Mixed Fruits & Vegetables,Grapes (Conventional),,,,20,,,Preharvest,Labor,Variable,Chem. Weed control - trellis - Skilled Labor Costs,2.6,$52.00 ,$20.00/hr * 2.60hr,,http://publications.dyson.cornell.edu/outreach/extensionpdf/2014/Cornell-Dyson-eb1401.pdf,,,,,,,
15,Mixed Fruits & Vegetables,Grapes (Conventional),,,,21,,,Preharvest,Labor,Variable,Chem. Weed control - trellis - Skilled Labor Costs,2.6,$52.00 ,$20.00/hr * 2.60hr,,http://publications.dyson.cornell.edu/outreach/extensionpdf/2014/Cornell-Dyson-eb1401.pdf,,,,,,,
15,Mixed Fruits & Vegetables,Grapes (Conventional),,,,22,,,Preharvest,Labor,Variable,Chem. Weed control - trellis - Skilled Labor Costs,2.6,$52.00 ,$20.00/hr * 2.60hr,,http://publications.dyson.cornell.edu/outreach/extensionpdf/2014/Cornell-Dyson-eb1401.pdf,,,,,,,
15,Mixed Fruits & Vegetables,Grapes (Conventional),,,,4,,,Preharvest,Equipment,Variable,Chem. Weed control - trellis - Equipment Costs,,$32.89 ,,,http://publications.dyson.cornell.edu/outreach/extensionpdf/2014/Cornell-Dyson-eb1401.pdf,,,,,,,
15,Mixed Fruits & Vegetables,Grapes (Conventional),,,,5,,,Preharvest,Equipment,Variable,Chem. Weed control - trellis - Equipment Costs,,$32.89 ,,,http://publications.dyson.cornell.edu/outreach/extensionpdf/2014/Cornell-Dyson-eb1401.pdf,,,,,,,
15,Mixed Fruits & Vegetables,Grapes (Conventional),,,,6,,,Preharvest,Equipment,Variable,Chem. Weed control - trellis - Equipment Costs,,$32.89 ,,,http://publications.dyson.cornell.edu/outreach/extensionpdf/2014/Cornell-Dyson-eb1401.pdf,,,,,,,
15,Mixed Fruits & Vegetables,Grapes (Conventional),,,,7,,,Preharvest,Equipment,Variable,Chem. Weed control - trellis - Equipment Costs,,$32.89 ,,,http://publications.dyson.cornell.edu/outreach/extensionpdf/2014/Cornell-Dyson-eb1401.pdf,,,,,,,
15,Mixed Fruits & Vegetables,Grapes (Conventional),,,,8,,,Preharvest,Equipment,Variable,Chem. Weed control - trellis - Equipment Costs,,$32.89 ,,,http://publications.dyson.cornell.edu/outreach/extensionpdf/2014/Cornell-Dyson-eb1401.pdf,,,,,,,
15,Mixed Fruits & Vegetables,Grapes (Conventional),,,,9,,,Preharvest,Equipment,Variable,Chem. Weed control - trellis - Equipment Costs,,$32.89 ,,,http://publications.dyson.cornell.edu/outreach/extensionpdf/2014/Cornell-Dyson-eb1401.pdf,,,,,,,
15,Mixed Fruits & Vegetables,Grapes (Conventional),,,,10,,,Preharvest,Equipment,Variable,Chem. Weed control - trellis - Equipment Costs,,$32.89 ,,,http://publications.dyson.cornell.edu/outreach/extensionpdf/2014/Cornell-Dyson-eb1401.pdf,,,,,,,
15,Mixed Fruits & Vegetables,Grapes (Conventional),,,,11,,,Preharvest,Equipment,Variable,Chem. Weed control - trellis - Equipment Costs,,$32.89 ,,,http://publications.dyson.cornell.edu/outreach/extensionpdf/2014/Cornell-Dyson-eb1401.pdf,,,,,,,
15,Mixed Fruits & Vegetables,Grapes (Conventional),,,,12,,,Preharvest,Equipment,Variable,Chem. Weed control - trellis - Equipment Costs,,$32.89 ,,,http://publications.dyson.cornell.edu/outreach/extensionpdf/2014/Cornell-Dyson-eb1401.pdf,,,,,,,
15,Mixed Fruits & Vegetables,Grapes (Conventional),,,,13,,,Preharvest,Equipment,Variable,Chem. Weed control - trellis - Equipment Costs,,$32.89 ,,,http://publications.dyson.cornell.edu/outreach/extensionpdf/2014/Cornell-Dyson-eb1401.pdf,,,,,,,
15,Mixed Fruits & Vegetables,Grapes (Conventional),,,,14,,,Preharvest,Equipment,Variable,Chem. Weed control - trellis - Equipment Costs,,$32.89 ,,,http://publications.dyson.cornell.edu/outreach/extensionpdf/2014/Cornell-Dyson-eb1401.pdf,,,,,,,
15,Mixed Fruits & Vegetables,Grapes (Conventional),,,,15,,,Preharvest,Equipment,Variable,Chem. Weed control - trellis - Equipment Costs,,$32.89 ,,,http://publications.dyson.cornell.edu/outreach/extensionpdf/2014/Cornell-Dyson-eb1401.pdf,,,,,,,
15,Mixed Fruits & Vegetables,Grapes (Conventional),,,,16,,,Preharvest,Equipment,Variable,Chem. Weed control - trellis - Equipment Costs,,$32.89 ,,,http://publications.dyson.cornell.edu/outreach/extensionpdf/2014/Cornell-Dyson-eb1401.pdf,,,,,,,
15,Mixed Fruits & Vegetables,Grapes (Conventional),,,,17,,,Preharvest,Equipment,Variable,Chem. Weed control - trellis - Equipment Costs,,$32.89 ,,,http://publications.dyson.cornell.edu/outreach/extensionpdf/2014/Cornell-Dyson-eb1401.pdf,,,,,,,
15,Mixed Fruits & Vegetables,Grapes (Conventional),,,,18,,,Preharvest,Equipment,Variable,Chem. Weed control - trellis - Equipment Costs,,$32.89 ,,,http://publications.dyson.cornell.edu/outreach/extensionpdf/2014/Cornell-Dyson-eb1401.pdf,,,,,,,
15,Mixed Fruits & Vegetables,Grapes (Conventional),,,,19,,,Preharvest,Equipment,Variable,Chem. Weed control - trellis - Equipment Costs,,$32.89 ,,,http://publications.dyson.cornell.edu/outreach/extensionpdf/2014/Cornell-Dyson-eb1401.pdf,,,,,,,
15,Mixed Fruits & Vegetables,Grapes (Conventional),,,,20,,,Preharvest,Equipment,Variable,Chem. Weed control - trellis - Equipment Costs,,$32.89 ,,,http://publications.dyson.cornell.edu/outreach/extensionpdf/2014/Cornell-Dyson-eb1401.pdf,,,,,,,
15,Mixed Fruits & Vegetables,Grapes (Conventional),,,,21,,,Preharvest,Equipment,Variable,Chem. Weed control - trellis - Equipment Costs,,$32.89 ,,,http://publications.dyson.cornell.edu/outreach/extensionpdf/2014/Cornell-Dyson-eb1401.pdf,,,,,,,
15,Mixed Fruits & Vegetables,Grapes (Conventional),,,,22,,,Preharvest,Equipment,Variable,Chem. Weed control - trellis - Equipment Costs,,$32.89 ,,,http://publications.dyson.cornell.edu/outreach/extensionpdf/2014/Cornell-Dyson-eb1401.pdf,,,,,,,
15,Mixed Fruits & Vegetables,Grapes (Conventional),,,,4,,,Preharvest,Input,Variable,Chem. Weed control - trellis - Material Costs,,$9.19 ,,,http://publications.dyson.cornell.edu/outreach/extensionpdf/2014/Cornell-Dyson-eb1401.pdf,,,,,,,
15,Mixed Fruits & Vegetables,Grapes (Conventional),,,,5,,,Preharvest,Input,Variable,Chem. Weed control - trellis - Material Costs,,$9.19 ,,,http://publications.dyson.cornell.edu/outreach/extensionpdf/2014/Cornell-Dyson-eb1401.pdf,,,,,,,
15,Mixed Fruits & Vegetables,Grapes (Conventional),,,,6,,,Preharvest,Input,Variable,Chem. Weed control - trellis - Material Costs,,$9.19 ,,,http://publications.dyson.cornell.edu/outreach/extensionpdf/2014/Cornell-Dyson-eb1401.pdf,,,,,,,
15,Mixed Fruits & Vegetables,Grapes (Conventional),,,,7,,,Preharvest,Input,Variable,Chem. Weed control - trellis - Material Costs,,$9.19 ,,,http://publications.dyson.cornell.edu/outreach/extensionpdf/2014/Cornell-Dyson-eb1401.pdf,,,,,,,
15,Mixed Fruits & Vegetables,Grapes (Conventional),,,,8,,,Preharvest,Input,Variable,Chem. Weed control - trellis - Material Costs,,$9.19 ,,,http://publications.dyson.cornell.edu/outreach/extensionpdf/2014/Cornell-Dyson-eb1401.pdf,,,,,,,
15,Mixed Fruits & Vegetables,Grapes (Conventional),,,,9,,,Preharvest,Input,Variable,Chem. Weed control - trellis - Material Costs,,$9.19 ,,,http://publications.dyson.cornell.edu/outreach/extensionpdf/2014/Cornell-Dyson-eb1401.pdf,,,,,,,
15,Mixed Fruits & Vegetables,Grapes (Conventional),,,,10,,,Preharvest,Input,Variable,Chem. Weed control - trellis - Material Costs,,$9.19 ,,,http://publications.dyson.cornell.edu/outreach/extensionpdf/2014/Cornell-Dyson-eb1401.pdf,,,,,,,
15,Mixed Fruits & Vegetables,Grapes (Conventional),,,,11,,,Preharvest,Input,Variable,Chem. Weed control - trellis - Material Costs,,$9.19 ,,,http://publications.dyson.cornell.edu/outreach/extensionpdf/2014/Cornell-Dyson-eb1401.pdf,,,,,,,
15,Mixed Fruits & Vegetables,Grapes (Conventional),,,,12,,,Preharvest,Input,Variable,Chem. Weed control - trellis - Material Costs,,$9.19 ,,,http://publications.dyson.cornell.edu/outreach/extensionpdf/2014/Cornell-Dyson-eb1401.pdf,,,,,,,
15,Mixed Fruits & Vegetables,Grapes (Conventional),,,,13,,,Preharvest,Input,Variable,Chem. Weed control - trellis - Material Costs,,$9.19 ,,,http://publications.dyson.cornell.edu/outreach/extensionpdf/2014/Cornell-Dyson-eb1401.pdf,,,,,,,
15,Mixed Fruits & Vegetables,Grapes (Conventional),,,,14,,,Preharvest,Input,Variable,Chem. Weed control - trellis - Material Costs,,$9.19 ,,,http://publications.dyson.cornell.edu/outreach/extensionpdf/2014/Cornell-Dyson-eb1401.pdf,,,,,,,
15,Mixed Fruits & Vegetables,Grapes (Conventional),,,,15,,,Preharvest,Input,Variable,Chem. Weed control - trellis - Material Costs,,$9.19 ,,,http://publications.dyson.cornell.edu/outreach/extensionpdf/2014/Cornell-Dyson-eb1401.pdf,,,,,,,
15,Mixed Fruits & Vegetables,Grapes (Conventional),,,,16,,,Preharvest,Input,Variable,Chem. Weed control - trellis - Material Costs,,$9.19 ,,,http://publications.dyson.cornell.edu/outreach/extensionpdf/2014/Cornell-Dyson-eb1401.pdf,,,,,,,
15,Mixed Fruits & Vegetables,Grapes (Conventional),,,,17,,,Preharvest,Input,Variable,Chem. Weed control - trellis - Material Costs,,$9.19 ,,,http://publications.dyson.cornell.edu/outreach/extensionpdf/2014/Cornell-Dyson-eb1401.pdf,,,,,,,
15,Mixed Fruits & Vegetables,Grapes (Conventional),,,,18,,,Preharvest,Input,Variable,Chem. Weed control - trellis - Material Costs,,$9.19 ,,,http://publications.dyson.cornell.edu/outreach/extensionpdf/2014/Cornell-Dyson-eb1401.pdf,,,,,,,
15,Mixed Fruits & Vegetables,Grapes (Conventional),,,,19,,,Preharvest,Input,Variable,Chem. Weed control - trellis - Material Costs,,$9.19 ,,,http://publications.dyson.cornell.edu/outreach/extensionpdf/2014/Cornell-Dyson-eb1401.pdf,,,,,,,
15,Mixed Fruits & Vegetables,Grapes (Conventional),,,,20,,,Preharvest,Input,Variable,Chem. Weed control - trellis - Material Costs,,$9.19 ,,,http://publications.dyson.cornell.edu/outreach/extensionpdf/2014/Cornell-Dyson-eb1401.pdf,,,,,,,
15,Mixed Fruits & Vegetables,Grapes (Conventional),,,,21,,,Preharvest,Input,Variable,Chem. Weed control - trellis - Material Costs,,$9.19 ,,,http://publications.dyson.cornell.edu/outreach/extensionpdf/2014/Cornell-Dyson-eb1401.pdf,,,,,,,
15,Mixed Fruits & Vegetables,Grapes (Conventional),,,,22,,,Preharvest,Input,Variable,Chem. Weed control - trellis - Material Costs,,$9.19 ,,,http://publications.dyson.cornell.edu/outreach/extensionpdf/2014/Cornell-Dyson-eb1401.pdf,,,,,,,
15,Mixed Fruits & Vegetables,Grapes (Conventional),,,,4,,,Preharvest,Input,Variable,Soil applic of Solubor (w/ herb. Spray) - Material Costs,,$4.23 ,2.5lbs Solubor * $1.69/lb,,http://publications.dyson.cornell.edu/outreach/extensionpdf/2014/Cornell-Dyson-eb1401.pdf,,,,,,,
15,Mixed Fruits & Vegetables,Grapes (Conventional),,,,5,,,Preharvest,Input,Variable,Soil applic of Solubor (w/ herb. Spray) - Material Costs,,$4.23 ,2.5lbs Solubor * $1.69/lb,,http://publications.dyson.cornell.edu/outreach/extensionpdf/2014/Cornell-Dyson-eb1401.pdf,,,,,,,
15,Mixed Fruits & Vegetables,Grapes (Conventional),,,,6,,,Preharvest,Input,Variable,Soil applic of Solubor (w/ herb. Spray) - Material Costs,,$4.23 ,2.5lbs Solubor * $1.69/lb,,http://publications.dyson.cornell.edu/outreach/extensionpdf/2014/Cornell-Dyson-eb1401.pdf,,,,,,,
15,Mixed Fruits & Vegetables,Grapes (Conventional),,,,7,,,Preharvest,Input,Variable,Soil applic of Solubor (w/ herb. Spray) - Material Costs,,$4.23 ,2.5lbs Solubor * $1.69/lb,,http://publications.dyson.cornell.edu/outreach/extensionpdf/2014/Cornell-Dyson-eb1401.pdf,,,,,,,
15,Mixed Fruits & Vegetables,Grapes (Conventional),,,,8,,,Preharvest,Input,Variable,Soil applic of Solubor (w/ herb. Spray) - Material Costs,,$4.23 ,2.5lbs Solubor * $1.69/lb,,http://publications.dyson.cornell.edu/outreach/extensionpdf/2014/Cornell-Dyson-eb1401.pdf,,,,,,,
15,Mixed Fruits & Vegetables,Grapes (Conventional),,,,9,,,Preharvest,Input,Variable,Soil applic of Solubor (w/ herb. Spray) - Material Costs,,$4.23 ,2.5lbs Solubor * $1.69/lb,,http://publications.dyson.cornell.edu/outreach/extensionpdf/2014/Cornell-Dyson-eb1401.pdf,,,,,,,
15,Mixed Fruits & Vegetables,Grapes (Conventional),,,,10,,,Preharvest,Input,Variable,Soil applic of Solubor (w/ herb. Spray) - Material Costs,,$4.23 ,2.5lbs Solubor * $1.69/lb,,http://publications.dyson.cornell.edu/outreach/extensionpdf/2014/Cornell-Dyson-eb1401.pdf,,,,,,,
15,Mixed Fruits & Vegetables,Grapes (Conventional),,,,11,,,Preharvest,Input,Variable,Soil applic of Solubor (w/ herb. Spray) - Material Costs,,$4.23 ,2.5lbs Solubor * $1.69/lb,,http://publications.dyson.cornell.edu/outreach/extensionpdf/2014/Cornell-Dyson-eb1401.pdf,,,,,,,
15,Mixed Fruits & Vegetables,Grapes (Conventional),,,,12,,,Preharvest,Input,Variable,Soil applic of Solubor (w/ herb. Spray) - Material Costs,,$4.23 ,2.5lbs Solubor * $1.69/lb,,http://publications.dyson.cornell.edu/outreach/extensionpdf/2014/Cornell-Dyson-eb1401.pdf,,,,,,,
15,Mixed Fruits & Vegetables,Grapes (Conventional),,,,13,,,Preharvest,Input,Variable,Soil applic of Solubor (w/ herb. Spray) - Material Costs,,$4.23 ,2.5lbs Solubor * $1.69/lb,,http://publications.dyson.cornell.edu/outreach/extensionpdf/2014/Cornell-Dyson-eb1401.pdf,,,,,,,
15,Mixed Fruits & Vegetables,Grapes (Conventional),,,,14,,,Preharvest,Input,Variable,Soil applic of Solubor (w/ herb. Spray) - Material Costs,,$4.23 ,2.5lbs Solubor * $1.69/lb,,http://publications.dyson.cornell.edu/outreach/extensionpdf/2014/Cornell-Dyson-eb1401.pdf,,,,,,,
15,Mixed Fruits & Vegetables,Grapes (Conventional),,,,15,,,Preharvest,Input,Variable,Soil applic of Solubor (w/ herb. Spray) - Material Costs,,$4.23 ,2.5lbs Solubor * $1.69/lb,,http://publications.dyson.cornell.edu/outreach/extensionpdf/2014/Cornell-Dyson-eb1401.pdf,,,,,,,
15,Mixed Fruits & Vegetables,Grapes (Conventional),,,,16,,,Preharvest,Input,Variable,Soil applic of Solubor (w/ herb. Spray) - Material Costs,,$4.23 ,2.5lbs Solubor * $1.69/lb,,http://publications.dyson.cornell.edu/outreach/extensionpdf/2014/Cornell-Dyson-eb1401.pdf,,,,,,,
15,Mixed Fruits & Vegetables,Grapes (Conventional),,,,17,,,Preharvest,Input,Variable,Soil applic of Solubor (w/ herb. Spray) - Material Costs,,$4.23 ,2.5lbs Solubor * $1.69/lb,,http://publications.dyson.cornell.edu/outreach/extensionpdf/2014/Cornell-Dyson-eb1401.pdf,,,,,,,
15,Mixed Fruits & Vegetables,Grapes (Conventional),,,,18,,,Preharvest,Input,Variable,Soil applic of Solubor (w/ herb. Spray) - Material Costs,,$4.23 ,2.5lbs Solubor * $1.69/lb,,http://publications.dyson.cornell.edu/outreach/extensionpdf/2014/Cornell-Dyson-eb1401.pdf,,,,,,,
15,Mixed Fruits & Vegetables,Grapes (Conventional),,,,19,,,Preharvest,Input,Variable,Soil applic of Solubor (w/ herb. Spray) - Material Costs,,$4.23 ,2.5lbs Solubor * $1.69/lb,,http://publications.dyson.cornell.edu/outreach/extensionpdf/2014/Cornell-Dyson-eb1401.pdf,,,,,,,
15,Mixed Fruits & Vegetables,Grapes (Conventional),,,,20,,,Preharvest,Input,Variable,Soil applic of Solubor (w/ herb. Spray) - Material Costs,,$4.23 ,2.5lbs Solubor * $1.69/lb,,http://publications.dyson.cornell.edu/outreach/extensionpdf/2014/Cornell-Dyson-eb1401.pdf,,,,,,,
15,Mixed Fruits & Vegetables,Grapes (Conventional),,,,21,,,Preharvest,Input,Variable,Soil applic of Solubor (w/ herb. Spray) - Material Costs,,$4.23 ,2.5lbs Solubor * $1.69/lb,,http://publications.dyson.cornell.edu/outreach/extensionpdf/2014/Cornell-Dyson-eb1401.pdf,,,,,,,
15,Mixed Fruits & Vegetables,Grapes (Conventional),,,,22,,,Preharvest,Input,Variable,Soil applic of Solubor (w/ herb. Spray) - Material Costs,,$4.23 ,2.5lbs Solubor * $1.69/lb,,http://publications.dyson.cornell.edu/outreach/extensionpdf/2014/Cornell-Dyson-eb1401.pdf,,,,,,,
15,Mixed Fruits & Vegetables,Grapes (Conventional),,,,4,,,Preharvest,Labor,Variable,Spot herbicide - hand application - Skilled Labor Costs,0.4,$8.00 ,$20.00hr * 0.40hr,,http://publications.dyson.cornell.edu/outreach/extensionpdf/2014/Cornell-Dyson-eb1401.pdf,,,,,,,
15,Mixed Fruits & Vegetables,Grapes (Conventional),,,,5,,,Preharvest,Labor,Variable,Spot herbicide - hand application - Skilled Labor Costs,0.4,$8.00 ,$20.00hr * 0.40hr,,http://publications.dyson.cornell.edu/outreach/extensionpdf/2014/Cornell-Dyson-eb1401.pdf,,,,,,,
15,Mixed Fruits & Vegetables,Grapes (Conventional),,,,6,,,Preharvest,Labor,Variable,Spot herbicide - hand application - Skilled Labor Costs,0.4,$8.00 ,$20.00hr * 0.40hr,,http://publications.dyson.cornell.edu/outreach/extensionpdf/2014/Cornell-Dyson-eb1401.pdf,,,,,,,
15,Mixed Fruits & Vegetables,Grapes (Conventional),,,,7,,,Preharvest,Labor,Variable,Spot herbicide - hand application - Skilled Labor Costs,0.4,$8.00 ,$20.00hr * 0.40hr,,http://publications.dyson.cornell.edu/outreach/extensionpdf/2014/Cornell-Dyson-eb1401.pdf,,,,,,,
15,Mixed Fruits & Vegetables,Grapes (Conventional),,,,8,,,Preharvest,Labor,Variable,Spot herbicide - hand application - Skilled Labor Costs,0.4,$8.00 ,$20.00hr * 0.40hr,,http://publications.dyson.cornell.edu/outreach/extensionpdf/2014/Cornell-Dyson-eb1401.pdf,,,,,,,
15,Mixed Fruits & Vegetables,Grapes (Conventional),,,,9,,,Preharvest,Labor,Variable,Spot herbicide - hand application - Skilled Labor Costs,0.4,$8.00 ,$20.00hr * 0.40hr,,http://publications.dyson.cornell.edu/outreach/extensionpdf/2014/Cornell-Dyson-eb1401.pdf,,,,,,,
15,Mixed Fruits & Vegetables,Grapes (Conventional),,,,10,,,Preharvest,Labor,Variable,Spot herbicide - hand application - Skilled Labor Costs,0.4,$8.00 ,$20.00hr * 0.40hr,,http://publications.dyson.cornell.edu/outreach/extensionpdf/2014/Cornell-Dyson-eb1401.pdf,,,,,,,
15,Mixed Fruits & Vegetables,Grapes (Conventional),,,,11,,,Preharvest,Labor,Variable,Spot herbicide - hand application - Skilled Labor Costs,0.4,$8.00 ,$20.00hr * 0.40hr,,http://publications.dyson.cornell.edu/outreach/extensionpdf/2014/Cornell-Dyson-eb1401.pdf,,,,,,,
15,Mixed Fruits & Vegetables,Grapes (Conventional),,,,12,,,Preharvest,Labor,Variable,Spot herbicide - hand application - Skilled Labor Costs,0.4,$8.00 ,$20.00hr * 0.40hr,,http://publications.dyson.cornell.edu/outreach/extensionpdf/2014/Cornell-Dyson-eb1401.pdf,,,,,,,
15,Mixed Fruits & Vegetables,Grapes (Conventional),,,,13,,,Preharvest,Labor,Variable,Spot herbicide - hand application - Skilled Labor Costs,0.4,$8.00 ,$20.00hr * 0.40hr,,http://publications.dyson.cornell.edu/outreach/extensionpdf/2014/Cornell-Dyson-eb1401.pdf,,,,,,,
15,Mixed Fruits & Vegetables,Grapes (Conventional),,,,14,,,Preharvest,Labor,Variable,Spot herbicide - hand application - Skilled Labor Costs,0.4,$8.00 ,$20.00hr * 0.40hr,,http://publications.dyson.cornell.edu/outreach/extensionpdf/2014/Cornell-Dyson-eb1401.pdf,,,,,,,
15,Mixed Fruits & Vegetables,Grapes (Conventional),,,,15,,,Preharvest,Labor,Variable,Spot herbicide - hand application - Skilled Labor Costs,0.4,$8.00 ,$20.00hr * 0.40hr,,http://publications.dyson.cornell.edu/outreach/extensionpdf/2014/Cornell-Dyson-eb1401.pdf,,,,,,,
15,Mixed Fruits & Vegetables,Grapes (Conventional),,,,16,,,Preharvest,Labor,Variable,Spot herbicide - hand application - Skilled Labor Costs,0.4,$8.00 ,$20.00hr * 0.40hr,,http://publications.dyson.cornell.edu/outreach/extensionpdf/2014/Cornell-Dyson-eb1401.pdf,,,,,,,
15,Mixed Fruits & Vegetables,Grapes (Conventional),,,,17,,,Preharvest,Labor,Variable,Spot herbicide - hand application - Skilled Labor Costs,0.4,$8.00 ,$20.00hr * 0.40hr,,http://publications.dyson.cornell.edu/outreach/extensionpdf/2014/Cornell-Dyson-eb1401.pdf,,,,,,,
15,Mixed Fruits & Vegetables,Grapes (Conventional),,,,18,,,Preharvest,Labor,Variable,Spot herbicide - hand application - Skilled Labor Costs,0.4,$8.00 ,$20.00hr * 0.40hr,,http://publications.dyson.cornell.edu/outreach/extensionpdf/2014/Cornell-Dyson-eb1401.pdf,,,,,,,
15,Mixed Fruits & Vegetables,Grapes (Conventional),,,,19,,,Preharvest,Labor,Variable,Spot herbicide - hand application - Skilled Labor Costs,0.4,$8.00 ,$20.00hr * 0.40hr,,http://publications.dyson.cornell.edu/outreach/extensionpdf/2014/Cornell-Dyson-eb1401.pdf,,,,,,,
15,Mixed Fruits & Vegetables,Grapes (Conventional),,,,20,,,Preharvest,Labor,Variable,Spot herbicide - hand application - Skilled Labor Costs,0.4,$8.00 ,$20.00hr * 0.40hr,,http://publications.dyson.cornell.edu/outreach/extensionpdf/2014/Cornell-Dyson-eb1401.pdf,,,,,,,
15,Mixed Fruits & Vegetables,Grapes (Conventional),,,,21,,,Preharvest,Labor,Variable,Spot herbicide - hand application - Skilled Labor Costs,0.4,$8.00 ,$20.00hr * 0.40hr,,http://publications.dyson.cornell.edu/outreach/extensionpdf/2014/Cornell-Dyson-eb1401.pdf,,,,,,,
15,Mixed Fruits & Vegetables,Grapes (Conventional),,,,22,,,Preharvest,Labor,Variable,Spot herbicide - hand application - Skilled Labor Costs,0.4,$8.00 ,$20.00hr * 0.40hr,,http://publications.dyson.cornell.edu/outreach/extensionpdf/2014/Cornell-Dyson-eb1401.pdf,,,,,,,
15,Mixed Fruits & Vegetables,Grapes (Conventional),,,,4,,,Preharvest,Equipment,Variable,Spot herbicide - hand application - Equipment Cost,,$4.93 ,,,http://publications.dyson.cornell.edu/outreach/extensionpdf/2014/Cornell-Dyson-eb1401.pdf,,,,,,,
15,Mixed Fruits & Vegetables,Grapes (Conventional),,,,5,,,Preharvest,Equipment,Variable,Spot herbicide - hand application - Equipment Cost,,$4.93 ,,,http://publications.dyson.cornell.edu/outreach/extensionpdf/2014/Cornell-Dyson-eb1401.pdf,,,,,,,
15,Mixed Fruits & Vegetables,Grapes (Conventional),,,,6,,,Preharvest,Equipment,Variable,Spot herbicide - hand application - Equipment Cost,,$4.93 ,,,http://publications.dyson.cornell.edu/outreach/extensionpdf/2014/Cornell-Dyson-eb1401.pdf,,,,,,,
15,Mixed Fruits & Vegetables,Grapes (Conventional),,,,7,,,Preharvest,Equipment,Variable,Spot herbicide - hand application - Equipment Cost,,$4.93 ,,,http://publications.dyson.cornell.edu/outreach/extensionpdf/2014/Cornell-Dyson-eb1401.pdf,,,,,,,
15,Mixed Fruits & Vegetables,Grapes (Conventional),,,,8,,,Preharvest,Equipment,Variable,Spot herbicide - hand application - Equipment Cost,,$4.93 ,,,http://publications.dyson.cornell.edu/outreach/extensionpdf/2014/Cornell-Dyson-eb1401.pdf,,,,,,,
15,Mixed Fruits & Vegetables,Grapes (Conventional),,,,9,,,Preharvest,Equipment,Variable,Spot herbicide - hand application - Equipment Cost,,$4.93 ,,,http://publications.dyson.cornell.edu/outreach/extensionpdf/2014/Cornell-Dyson-eb1401.pdf,,,,,,,
15,Mixed Fruits & Vegetables,Grapes (Conventional),,,,10,,,Preharvest,Equipment,Variable,Spot herbicide - hand application - Equipment Cost,,$4.93 ,,,http://publications.dyson.cornell.edu/outreach/extensionpdf/2014/Cornell-Dyson-eb1401.pdf,,,,,,,
15,Mixed Fruits & Vegetables,Grapes (Conventional),,,,11,,,Preharvest,Equipment,Variable,Spot herbicide - hand application - Equipment Cost,,$4.93 ,,,http://publications.dyson.cornell.edu/outreach/extensionpdf/2014/Cornell-Dyson-eb1401.pdf,,,,,,,
15,Mixed Fruits & Vegetables,Grapes (Conventional),,,,12,,,Preharvest,Equipment,Variable,Spot herbicide - hand application - Equipment Cost,,$4.93 ,,,http://publications.dyson.cornell.edu/outreach/extensionpdf/2014/Cornell-Dyson-eb1401.pdf,,,,,,,
15,Mixed Fruits & Vegetables,Grapes (Conventional),,,,13,,,Preharvest,Equipment,Variable,Spot herbicide - hand application - Equipment Cost,,$4.93 ,,,http://publications.dyson.cornell.edu/outreach/extensionpdf/2014/Cornell-Dyson-eb1401.pdf,,,,,,,
15,Mixed Fruits & Vegetables,Grapes (Conventional),,,,14,,,Preharvest,Equipment,Variable,Spot herbicide - hand application - Equipment Cost,,$4.93 ,,,http://publications.dyson.cornell.edu/outreach/extensionpdf/2014/Cornell-Dyson-eb1401.pdf,,,,,,,
15,Mixed Fruits & Vegetables,Grapes (Conventional),,,,15,,,Preharvest,Equipment,Variable,Spot herbicide - hand application - Equipment Cost,,$4.93 ,,,http://publications.dyson.cornell.edu/outreach/extensionpdf/2014/Cornell-Dyson-eb1401.pdf,,,,,,,
15,Mixed Fruits & Vegetables,Grapes (Conventional),,,,16,,,Preharvest,Equipment,Variable,Spot herbicide - hand application - Equipment Cost,,$4.93 ,,,http://publications.dyson.cornell.edu/outreach/extensionpdf/2014/Cornell-Dyson-eb1401.pdf,,,,,,,
15,Mixed Fruits & Vegetables,Grapes (Conventional),,,,17,,,Preharvest,Equipment,Variable,Spot herbicide - hand application - Equipment Cost,,$4.93 ,,,http://publications.dyson.cornell.edu/outreach/extensionpdf/2014/Cornell-Dyson-eb1401.pdf,,,,,,,
15,Mixed Fruits & Vegetables,Grapes (Conventional),,,,18,,,Preharvest,Equipment,Variable,Spot herbicide - hand application - Equipment Cost,,$4.93 ,,,http://publications.dyson.cornell.edu/outreach/extensionpdf/2014/Cornell-Dyson-eb1401.pdf,,,,,,,
15,Mixed Fruits & Vegetables,Grapes (Conventional),,,,19,,,Preharvest,Equipment,Variable,Spot herbicide - hand application - Equipment Cost,,$4.93 ,,,http://publications.dyson.cornell.edu/outreach/extensionpdf/2014/Cornell-Dyson-eb1401.pdf,,,,,,,
15,Mixed Fruits & Vegetables,Grapes (Conventional),,,,20,,,Preharvest,Equipment,Variable,Spot herbicide - hand application - Equipment Cost,,$4.93 ,,,http://publications.dyson.cornell.edu/outreach/extensionpdf/2014/Cornell-Dyson-eb1401.pdf,,,,,,,
15,Mixed Fruits & Vegetables,Grapes (Conventional),,,,21,,,Preharvest,Equipment,Variable,Spot herbicide - hand application - Equipment Cost,,$4.93 ,,,http://publications.dyson.cornell.edu/outreach/extensionpdf/2014/Cornell-Dyson-eb1401.pdf,,,,,,,
15,Mixed Fruits & Vegetables,Grapes (Conventional),,,,22,,,Preharvest,Equipment,Variable,Spot herbicide - hand application - Equipment Cost,,$4.93 ,,,http://publications.dyson.cornell.edu/outreach/extensionpdf/2014/Cornell-Dyson-eb1401.pdf,,,,,,,
15,Mixed Fruits & Vegetables,Grapes (Conventional),,,,4,,,Preharvest,Input,Variable,Spot herbicide - hand application - Material Costs,,$21.38 ,,,http://publications.dyson.cornell.edu/outreach/extensionpdf/2014/Cornell-Dyson-eb1401.pdf,,,,,,,
15,Mixed Fruits & Vegetables,Grapes (Conventional),,,,5,,,Preharvest,Input,Variable,Spot herbicide - hand application - Material Costs,,$21.38 ,,,http://publications.dyson.cornell.edu/outreach/extensionpdf/2014/Cornell-Dyson-eb1401.pdf,,,,,,,
15,Mixed Fruits & Vegetables,Grapes (Conventional),,,,6,,,Preharvest,Input,Variable,Spot herbicide - hand application - Material Costs,,$21.38 ,,,http://publications.dyson.cornell.edu/outreach/extensionpdf/2014/Cornell-Dyson-eb1401.pdf,,,,,,,
15,Mixed Fruits & Vegetables,Grapes (Conventional),,,,7,,,Preharvest,Input,Variable,Spot herbicide - hand application - Material Costs,,$21.38 ,,,http://publications.dyson.cornell.edu/outreach/extensionpdf/2014/Cornell-Dyson-eb1401.pdf,,,,,,,
15,Mixed Fruits & Vegetables,Grapes (Conventional),,,,8,,,Preharvest,Input,Variable,Spot herbicide - hand application - Material Costs,,$21.38 ,,,http://publications.dyson.cornell.edu/outreach/extensionpdf/2014/Cornell-Dyson-eb1401.pdf,,,,,,,
15,Mixed Fruits & Vegetables,Grapes (Conventional),,,,9,,,Preharvest,Input,Variable,Spot herbicide - hand application - Material Costs,,$21.38 ,,,http://publications.dyson.cornell.edu/outreach/extensionpdf/2014/Cornell-Dyson-eb1401.pdf,,,,,,,
15,Mixed Fruits & Vegetables,Grapes (Conventional),,,,10,,,Preharvest,Input,Variable,Spot herbicide - hand application - Material Costs,,$21.38 ,,,http://publications.dyson.cornell.edu/outreach/extensionpdf/2014/Cornell-Dyson-eb1401.pdf,,,,,,,
15,Mixed Fruits & Vegetables,Grapes (Conventional),,,,11,,,Preharvest,Input,Variable,Spot herbicide - hand application - Material Costs,,$21.38 ,,,http://publications.dyson.cornell.edu/outreach/extensionpdf/2014/Cornell-Dyson-eb1401.pdf,,,,,,,
15,Mixed Fruits & Vegetables,Grapes (Conventional),,,,12,,,Preharvest,Input,Variable,Spot herbicide - hand application - Material Costs,,$21.38 ,,,http://publications.dyson.cornell.edu/outreach/extensionpdf/2014/Cornell-Dyson-eb1401.pdf,,,,,,,
15,Mixed Fruits & Vegetables,Grapes (Conventional),,,,13,,,Preharvest,Input,Variable,Spot herbicide - hand application - Material Costs,,$21.38 ,,,http://publications.dyson.cornell.edu/outreach/extensionpdf/2014/Cornell-Dyson-eb1401.pdf,,,,,,,
15,Mixed Fruits & Vegetables,Grapes (Conventional),,,,14,,,Preharvest,Input,Variable,Spot herbicide - hand application - Material Costs,,$21.38 ,,,http://publications.dyson.cornell.edu/outreach/extensionpdf/2014/Cornell-Dyson-eb1401.pdf,,,,,,,
15,Mixed Fruits & Vegetables,Grapes (Conventional),,,,15,,,Preharvest,Input,Variable,Spot herbicide - hand application - Material Costs,,$21.38 ,,,http://publications.dyson.cornell.edu/outreach/extensionpdf/2014/Cornell-Dyson-eb1401.pdf,,,,,,,
15,Mixed Fruits & Vegetables,Grapes (Conventional),,,,16,,,Preharvest,Input,Variable,Spot herbicide - hand application - Material Costs,,$21.38 ,,,http://publications.dyson.cornell.edu/outreach/extensionpdf/2014/Cornell-Dyson-eb1401.pdf,,,,,,,
15,Mixed Fruits & Vegetables,Grapes (Conventional),,,,17,,,Preharvest,Input,Variable,Spot herbicide - hand application - Material Costs,,$21.38 ,,,http://publications.dyson.cornell.edu/outreach/extensionpdf/2014/Cornell-Dyson-eb1401.pdf,,,,,,,
15,Mixed Fruits & Vegetables,Grapes (Conventional),,,,18,,,Preharvest,Input,Variable,Spot herbicide - hand application - Material Costs,,$21.38 ,,,http://publications.dyson.cornell.edu/outreach/extensionpdf/2014/Cornell-Dyson-eb1401.pdf,,,,,,,
15,Mixed Fruits & Vegetables,Grapes (Conventional),,,,19,,,Preharvest,Input,Variable,Spot herbicide - hand application - Material Costs,,$21.38 ,,,http://publications.dyson.cornell.edu/outreach/extensionpdf/2014/Cornell-Dyson-eb1401.pdf,,,,,,,
15,Mixed Fruits & Vegetables,Grapes (Conventional),,,,20,,,Preharvest,Input,Variable,Spot herbicide - hand application - Material Costs,,$21.38 ,,,http://publications.dyson.cornell.edu/outreach/extensionpdf/2014/Cornell-Dyson-eb1401.pdf,,,,,,,
15,Mixed Fruits & Vegetables,Grapes (Conventional),,,,21,,,Preharvest,Input,Variable,Spot herbicide - hand application - Material Costs,,$21.38 ,,,http://publications.dyson.cornell.edu/outreach/extensionpdf/2014/Cornell-Dyson-eb1401.pdf,,,,,,,
15,Mixed Fruits & Vegetables,Grapes (Conventional),,,,22,,,Preharvest,Input,Variable,Spot herbicide - hand application - Material Costs,,$21.38 ,,,http://publications.dyson.cornell.edu/outreach/extensionpdf/2014/Cornell-Dyson-eb1401.pdf,,,,,,,
15,Mixed Fruits & Vegetables,Grapes (Conventional),,,,4,,,Preharvest,Labor,Variable,Suckering - Unskilled Labor Costs,4,$54.00 ,$13.50/hr * 4.00hr,,http://publications.dyson.cornell.edu/outreach/extensionpdf/2014/Cornell-Dyson-eb1401.pdf,,,,,,,
15,Mixed Fruits & Vegetables,Grapes (Conventional),,,,5,,,Preharvest,Labor,Variable,Suckering - Unskilled Labor Costs,4,$54.00 ,$13.50/hr * 4.00hr,,http://publications.dyson.cornell.edu/outreach/extensionpdf/2014/Cornell-Dyson-eb1401.pdf,,,,,,,
15,Mixed Fruits & Vegetables,Grapes (Conventional),,,,6,,,Preharvest,Labor,Variable,Suckering - Unskilled Labor Costs,4,$54.00 ,$13.50/hr * 4.00hr,,http://publications.dyson.cornell.edu/outreach/extensionpdf/2014/Cornell-Dyson-eb1401.pdf,,,,,,,
15,Mixed Fruits & Vegetables,Grapes (Conventional),,,,7,,,Preharvest,Labor,Variable,Suckering - Unskilled Labor Costs,4,$54.00 ,$13.50/hr * 4.00hr,,http://publications.dyson.cornell.edu/outreach/extensionpdf/2014/Cornell-Dyson-eb1401.pdf,,,,,,,
15,Mixed Fruits & Vegetables,Grapes (Conventional),,,,8,,,Preharvest,Labor,Variable,Suckering - Unskilled Labor Costs,4,$54.00 ,$13.50/hr * 4.00hr,,http://publications.dyson.cornell.edu/outreach/extensionpdf/2014/Cornell-Dyson-eb1401.pdf,,,,,,,
15,Mixed Fruits & Vegetables,Grapes (Conventional),,,,9,,,Preharvest,Labor,Variable,Suckering - Unskilled Labor Costs,4,$54.00 ,$13.50/hr * 4.00hr,,http://publications.dyson.cornell.edu/outreach/extensionpdf/2014/Cornell-Dyson-eb1401.pdf,,,,,,,
15,Mixed Fruits & Vegetables,Grapes (Conventional),,,,10,,,Preharvest,Labor,Variable,Suckering - Unskilled Labor Costs,4,$54.00 ,$13.50/hr * 4.00hr,,http://publications.dyson.cornell.edu/outreach/extensionpdf/2014/Cornell-Dyson-eb1401.pdf,,,,,,,
15,Mixed Fruits & Vegetables,Grapes (Conventional),,,,11,,,Preharvest,Labor,Variable,Suckering - Unskilled Labor Costs,4,$54.00 ,$13.50/hr * 4.00hr,,http://publications.dyson.cornell.edu/outreach/extensionpdf/2014/Cornell-Dyson-eb1401.pdf,,,,,,,
15,Mixed Fruits & Vegetables,Grapes (Conventional),,,,12,,,Preharvest,Labor,Variable,Suckering - Unskilled Labor Costs,4,$54.00 ,$13.50/hr * 4.00hr,,http://publications.dyson.cornell.edu/outreach/extensionpdf/2014/Cornell-Dyson-eb1401.pdf,,,,,,,
15,Mixed Fruits & Vegetables,Grapes (Conventional),,,,13,,,Preharvest,Labor,Variable,Suckering - Unskilled Labor Costs,4,$54.00 ,$13.50/hr * 4.00hr,,http://publications.dyson.cornell.edu/outreach/extensionpdf/2014/Cornell-Dyson-eb1401.pdf,,,,,,,
15,Mixed Fruits & Vegetables,Grapes (Conventional),,,,14,,,Preharvest,Labor,Variable,Suckering - Unskilled Labor Costs,4,$54.00 ,$13.50/hr * 4.00hr,,http://publications.dyson.cornell.edu/outreach/extensionpdf/2014/Cornell-Dyson-eb1401.pdf,,,,,,,
15,Mixed Fruits & Vegetables,Grapes (Conventional),,,,15,,,Preharvest,Labor,Variable,Suckering - Unskilled Labor Costs,4,$54.00 ,$13.50/hr * 4.00hr,,http://publications.dyson.cornell.edu/outreach/extensionpdf/2014/Cornell-Dyson-eb1401.pdf,,,,,,,
15,Mixed Fruits & Vegetables,Grapes (Conventional),,,,16,,,Preharvest,Labor,Variable,Suckering - Unskilled Labor Costs,4,$54.00 ,$13.50/hr * 4.00hr,,http://publications.dyson.cornell.edu/outreach/extensionpdf/2014/Cornell-Dyson-eb1401.pdf,,,,,,,
15,Mixed Fruits & Vegetables,Grapes (Conventional),,,,17,,,Preharvest,Labor,Variable,Suckering - Unskilled Labor Costs,4,$54.00 ,$13.50/hr * 4.00hr,,http://publications.dyson.cornell.edu/outreach/extensionpdf/2014/Cornell-Dyson-eb1401.pdf,,,,,,,
15,Mixed Fruits & Vegetables,Grapes (Conventional),,,,18,,,Preharvest,Labor,Variable,Suckering - Unskilled Labor Costs,4,$54.00 ,$13.50/hr * 4.00hr,,http://publications.dyson.cornell.edu/outreach/extensionpdf/2014/Cornell-Dyson-eb1401.pdf,,,,,,,
15,Mixed Fruits & Vegetables,Grapes (Conventional),,,,19,,,Preharvest,Labor,Variable,Suckering - Unskilled Labor Costs,4,$54.00 ,$13.50/hr * 4.00hr,,http://publications.dyson.cornell.edu/outreach/extensionpdf/2014/Cornell-Dyson-eb1401.pdf,,,,,,,
15,Mixed Fruits & Vegetables,Grapes (Conventional),,,,20,,,Preharvest,Labor,Variable,Suckering - Unskilled Labor Costs,4,$54.00 ,$13.50/hr * 4.00hr,,http://publications.dyson.cornell.edu/outreach/extensionpdf/2014/Cornell-Dyson-eb1401.pdf,,,,,,,
15,Mixed Fruits & Vegetables,Grapes (Conventional),,,,21,,,Preharvest,Labor,Variable,Suckering - Unskilled Labor Costs,4,$54.00 ,$13.50/hr * 4.00hr,,http://publications.dyson.cornell.edu/outreach/extensionpdf/2014/Cornell-Dyson-eb1401.pdf,,,,,,,
15,Mixed Fruits & Vegetables,Grapes (Conventional),,,,22,,,Preharvest,Labor,Variable,Suckering - Unskilled Labor Costs,4,$54.00 ,$13.50/hr * 4.00hr,,http://publications.dyson.cornell.edu/outreach/extensionpdf/2014/Cornell-Dyson-eb1401.pdf,,,,,,,
15,Mixed Fruits & Vegetables,Grapes (Conventional),,,,4,,,Preharvest,Labor,Variable,Cluster removal - Unskilled Labor Costs ,4,$54.00 ,$13.50/hr * 4.00hr,,http://publications.dyson.cornell.edu/outreach/extensionpdf/2014/Cornell-Dyson-eb1401.pdf,,,,,,,
15,Mixed Fruits & Vegetables,Grapes (Conventional),,,,5,,,Preharvest,Labor,Variable,Cluster removal - Unskilled Labor Costs,4,$54.00 ,$13.50/hr * 4.00hr,,http://publications.dyson.cornell.edu/outreach/extensionpdf/2014/Cornell-Dyson-eb1401.pdf,,,,,,,
15,Mixed Fruits & Vegetables,Grapes (Conventional),,,,6,,,Preharvest,Labor,Variable,Cluster removal - Unskilled Labor Costs,4,$54.00 ,$13.50/hr * 4.00hr,,http://publications.dyson.cornell.edu/outreach/extensionpdf/2014/Cornell-Dyson-eb1401.pdf,,,,,,,
15,Mixed Fruits & Vegetables,Grapes (Conventional),,,,7,,,Preharvest,Labor,Variable,Cluster removal - Unskilled Labor Costs,4,$54.00 ,$13.50/hr * 4.00hr,,http://publications.dyson.cornell.edu/outreach/extensionpdf/2014/Cornell-Dyson-eb1401.pdf,,,,,,,
15,Mixed Fruits & Vegetables,Grapes (Conventional),,,,8,,,Preharvest,Labor,Variable,Cluster removal - Unskilled Labor Costs,4,$54.00 ,$13.50/hr * 4.00hr,,http://publications.dyson.cornell.edu/outreach/extensionpdf/2014/Cornell-Dyson-eb1401.pdf,,,,,,,
15,Mixed Fruits & Vegetables,Grapes (Conventional),,,,9,,,Preharvest,Labor,Variable,Cluster removal - Unskilled Labor Costs,4,$54.00 ,$13.50/hr * 4.00hr,,http://publications.dyson.cornell.edu/outreach/extensionpdf/2014/Cornell-Dyson-eb1401.pdf,,,,,,,
15,Mixed Fruits & Vegetables,Grapes (Conventional),,,,10,,,Preharvest,Labor,Variable,Cluster removal - Unskilled Labor Costs,4,$54.00 ,$13.50/hr * 4.00hr,,http://publications.dyson.cornell.edu/outreach/extensionpdf/2014/Cornell-Dyson-eb1401.pdf,,,,,,,
15,Mixed Fruits & Vegetables,Grapes (Conventional),,,,11,,,Preharvest,Labor,Variable,Cluster removal - Unskilled Labor Costs,4,$54.00 ,$13.50/hr * 4.00hr,,http://publications.dyson.cornell.edu/outreach/extensionpdf/2014/Cornell-Dyson-eb1401.pdf,,,,,,,
15,Mixed Fruits & Vegetables,Grapes (Conventional),,,,12,,,Preharvest,Labor,Variable,Cluster removal - Unskilled Labor Costs,4,$54.00 ,$13.50/hr * 4.00hr,,http://publications.dyson.cornell.edu/outreach/extensionpdf/2014/Cornell-Dyson-eb1401.pdf,,,,,,,
15,Mixed Fruits & Vegetables,Grapes (Conventional),,,,13,,,Preharvest,Labor,Variable,Cluster removal - Unskilled Labor Costs,4,$54.00 ,$13.50/hr * 4.00hr,,http://publications.dyson.cornell.edu/outreach/extensionpdf/2014/Cornell-Dyson-eb1401.pdf,,,,,,,
15,Mixed Fruits & Vegetables,Grapes (Conventional),,,,14,,,Preharvest,Labor,Variable,Cluster removal - Unskilled Labor Costs,4,$54.00 ,$13.50/hr * 4.00hr,,http://publications.dyson.cornell.edu/outreach/extensionpdf/2014/Cornell-Dyson-eb1401.pdf,,,,,,,
15,Mixed Fruits & Vegetables,Grapes (Conventional),,,,15,,,Preharvest,Labor,Variable,Cluster removal - Unskilled Labor Costs,4,$54.00 ,$13.50/hr * 4.00hr,,http://publications.dyson.cornell.edu/outreach/extensionpdf/2014/Cornell-Dyson-eb1401.pdf,,,,,,,
15,Mixed Fruits & Vegetables,Grapes (Conventional),,,,16,,,Preharvest,Labor,Variable,Cluster removal - Unskilled Labor Costs,4,$54.00 ,$13.50/hr * 4.00hr,,http://publications.dyson.cornell.edu/outreach/extensionpdf/2014/Cornell-Dyson-eb1401.pdf,,,,,,,
15,Mixed Fruits & Vegetables,Grapes (Conventional),,,,17,,,Preharvest,Labor,Variable,Cluster removal - Unskilled Labor Costs,4,$54.00 ,$13.50/hr * 4.00hr,,http://publications.dyson.cornell.edu/outreach/extensionpdf/2014/Cornell-Dyson-eb1401.pdf,,,,,,,
15,Mixed Fruits & Vegetables,Grapes (Conventional),,,,18,,,Preharvest,Labor,Variable,Cluster removal - Unskilled Labor Costs,4,$54.00 ,$13.50/hr * 4.00hr,,http://publications.dyson.cornell.edu/outreach/extensionpdf/2014/Cornell-Dyson-eb1401.pdf,,,,,,,
15,Mixed Fruits & Vegetables,Grapes (Conventional),,,,19,,,Preharvest,Labor,Variable,Cluster removal - Unskilled Labor Costs,4,$54.00 ,$13.50/hr * 4.00hr,,http://publications.dyson.cornell.edu/outreach/extensionpdf/2014/Cornell-Dyson-eb1401.pdf,,,,,,,
15,Mixed Fruits & Vegetables,Grapes (Conventional),,,,20,,,Preharvest,Labor,Variable,Cluster removal - Unskilled Labor Costs,4,$54.00 ,$13.50/hr * 4.00hr,,http://publications.dyson.cornell.edu/outreach/extensionpdf/2014/Cornell-Dyson-eb1401.pdf,,,,,,,
15,Mixed Fruits & Vegetables,Grapes (Conventional),,,,21,,,Preharvest,Labor,Variable,Cluster removal - Unskilled Labor Costs,4,$54.00 ,$13.50/hr * 4.00hr,,http://publications.dyson.cornell.edu/outreach/extensionpdf/2014/Cornell-Dyson-eb1401.pdf,,,,,,,
15,Mixed Fruits & Vegetables,Grapes (Conventional),,,,22,,,Preharvest,Labor,Variable,Cluster removal - Unskilled Labor Costs,4,$54.00 ,$13.50/hr * 4.00hr,,http://publications.dyson.cornell.edu/outreach/extensionpdf/2014/Cornell-Dyson-eb1401.pdf,,,,,,,
15,Mixed Fruits & Vegetables,Grapes (Conventional),,,,4,,,Preharvest,Labor,Variable,Shoot thinning - Unskilled Labor Costs,6,$81.00 ,$13.50/hr * 6.00hr,,http://publications.dyson.cornell.edu/outreach/extensionpdf/2014/Cornell-Dyson-eb1401.pdf,,,,,,,
15,Mixed Fruits & Vegetables,Grapes (Conventional),,,,5,,,Preharvest,Labor,Variable,Shoot thinning - Unskilled Labor Costs,6,$81.00 ,$13.50/hr * 6.00hr,,http://publications.dyson.cornell.edu/outreach/extensionpdf/2014/Cornell-Dyson-eb1401.pdf,,,,,,,
15,Mixed Fruits & Vegetables,Grapes (Conventional),,,,6,,,Preharvest,Labor,Variable,Shoot thinning - Unskilled Labor Costs,6,$81.00 ,$13.50/hr * 6.00hr,,http://publications.dyson.cornell.edu/outreach/extensionpdf/2014/Cornell-Dyson-eb1401.pdf,,,,,,,
15,Mixed Fruits & Vegetables,Grapes (Conventional),,,,7,,,Preharvest,Labor,Variable,Shoot thinning - Unskilled Labor Costs,6,$81.00 ,$13.50/hr * 6.00hr,,http://publications.dyson.cornell.edu/outreach/extensionpdf/2014/Cornell-Dyson-eb1401.pdf,,,,,,,
15,Mixed Fruits & Vegetables,Grapes (Conventional),,,,8,,,Preharvest,Labor,Variable,Shoot thinning - Unskilled Labor Costs,6,$81.00 ,$13.50/hr * 6.00hr,,http://publications.dyson.cornell.edu/outreach/extensionpdf/2014/Cornell-Dyson-eb1401.pdf,,,,,,,
15,Mixed Fruits & Vegetables,Grapes (Conventional),,,,9,,,Preharvest,Labor,Variable,Shoot thinning - Unskilled Labor Costs,6,$81.00 ,$13.50/hr * 6.00hr,,http://publications.dyson.cornell.edu/outreach/extensionpdf/2014/Cornell-Dyson-eb1401.pdf,,,,,,,
15,Mixed Fruits & Vegetables,Grapes (Conventional),,,,10,,,Preharvest,Labor,Variable,Shoot thinning - Unskilled Labor Costs,6,$81.00 ,$13.50/hr * 6.00hr,,http://publications.dyson.cornell.edu/outreach/extensionpdf/2014/Cornell-Dyson-eb1401.pdf,,,,,,,
15,Mixed Fruits & Vegetables,Grapes (Conventional),,,,11,,,Preharvest,Labor,Variable,Shoot thinning - Unskilled Labor Costs,6,$81.00 ,$13.50/hr * 6.00hr,,http://publications.dyson.cornell.edu/outreach/extensionpdf/2014/Cornell-Dyson-eb1401.pdf,,,,,,,
15,Mixed Fruits & Vegetables,Grapes (Conventional),,,,12,,,Preharvest,Labor,Variable,Shoot thinning - Unskilled Labor Costs,6,$81.00 ,$13.50/hr * 6.00hr,,http://publications.dyson.cornell.edu/outreach/extensionpdf/2014/Cornell-Dyson-eb1401.pdf,,,,,,,
15,Mixed Fruits & Vegetables,Grapes (Conventional),,,,13,,,Preharvest,Labor,Variable,Shoot thinning - Unskilled Labor Costs,6,$81.00 ,$13.50/hr * 6.00hr,,http://publications.dyson.cornell.edu/outreach/extensionpdf/2014/Cornell-Dyson-eb1401.pdf,,,,,,,
15,Mixed Fruits & Vegetables,Grapes (Conventional),,,,14,,,Preharvest,Labor,Variable,Shoot thinning - Unskilled Labor Costs,6,$81.00 ,$13.50/hr * 6.00hr,,http://publications.dyson.cornell.edu/outreach/extensionpdf/2014/Cornell-Dyson-eb1401.pdf,,,,,,,
15,Mixed Fruits & Vegetables,Grapes (Conventional),,,,15,,,Preharvest,Labor,Variable,Shoot thinning - Unskilled Labor Costs,6,$81.00 ,$13.50/hr * 6.00hr,,http://publications.dyson.cornell.edu/outreach/extensionpdf/2014/Cornell-Dyson-eb1401.pdf,,,,,,,
15,Mixed Fruits & Vegetables,Grapes (Conventional),,,,16,,,Preharvest,Labor,Variable,Shoot thinning - Unskilled Labor Costs,6,$81.00 ,$13.50/hr * 6.00hr,,http://publications.dyson.cornell.edu/outreach/extensionpdf/2014/Cornell-Dyson-eb1401.pdf,,,,,,,
15,Mixed Fruits & Vegetables,Grapes (Conventional),,,,17,,,Preharvest,Labor,Variable,Shoot thinning - Unskilled Labor Costs,6,$81.00 ,$13.50/hr * 6.00hr,,http://publications.dyson.cornell.edu/outreach/extensionpdf/2014/Cornell-Dyson-eb1401.pdf,,,,,,,
15,Mixed Fruits & Vegetables,Grapes (Conventional),,,,18,,,Preharvest,Labor,Variable,Shoot thinning - Unskilled Labor Costs,6,$81.00 ,$13.50/hr * 6.00hr,,http://publications.dyson.cornell.edu/outreach/extensionpdf/2014/Cornell-Dyson-eb1401.pdf,,,,,,,
15,Mixed Fruits & Vegetables,Grapes (Conventional),,,,19,,,Preharvest,Labor,Variable,Shoot thinning - Unskilled Labor Costs,6,$81.00 ,$13.50/hr * 6.00hr,,http://publications.dyson.cornell.edu/outreach/extensionpdf/2014/Cornell-Dyson-eb1401.pdf,,,,,,,
15,Mixed Fruits & Vegetables,Grapes (Conventional),,,,20,,,Preharvest,Labor,Variable,Shoot thinning - Unskilled Labor Costs,6,$81.00 ,$13.50/hr * 6.00hr,,http://publications.dyson.cornell.edu/outreach/extensionpdf/2014/Cornell-Dyson-eb1401.pdf,,,,,,,
15,Mixed Fruits & Vegetables,Grapes (Conventional),,,,21,,,Preharvest,Labor,Variable,Shoot thinning - Unskilled Labor Costs,6,$81.00 ,$13.50/hr * 6.00hr,,http://publications.dyson.cornell.edu/outreach/extensionpdf/2014/Cornell-Dyson-eb1401.pdf,,,,,,,
15,Mixed Fruits & Vegetables,Grapes (Conventional),,,,22,,,Preharvest,Labor,Variable,Shoot thinning - Unskilled Labor Costs,6,$81.00 ,$13.50/hr * 6.00hr,,http://publications.dyson.cornell.edu/outreach/extensionpdf/2014/Cornell-Dyson-eb1401.pdf,,,,,,,
15,Mixed Fruits & Vegetables,Grapes (Conventional),,,,4,,,Preharvest,Labor,Variable,Take-away (de-hilling) - Skilled Labor Costs,3,$60.00 ,$20.00hr * 3.00hr,,http://publications.dyson.cornell.edu/outreach/extensionpdf/2014/Cornell-Dyson-eb1401.pdf,,,,,,,
15,Mixed Fruits & Vegetables,Grapes (Conventional),,,,5,,,Preharvest,Labor,Variable,Take-away (de-hilling) - Skilled Labor Costs,3,$60.00 ,$20.00hr * 3.00hr,,http://publications.dyson.cornell.edu/outreach/extensionpdf/2014/Cornell-Dyson-eb1401.pdf,,,,,,,
15,Mixed Fruits & Vegetables,Grapes (Conventional),,,,6,,,Preharvest,Labor,Variable,Take-away (de-hilling) - Skilled Labor Costs,3,$60.00 ,$20.00hr * 3.00hr,,http://publications.dyson.cornell.edu/outreach/extensionpdf/2014/Cornell-Dyson-eb1401.pdf,,,,,,,
15,Mixed Fruits & Vegetables,Grapes (Conventional),,,,7,,,Preharvest,Labor,Variable,Take-away (de-hilling) - Skilled Labor Costs,3,$60.00 ,$20.00hr * 3.00hr,,http://publications.dyson.cornell.edu/outreach/extensionpdf/2014/Cornell-Dyson-eb1401.pdf,,,,,,,
15,Mixed Fruits & Vegetables,Grapes (Conventional),,,,8,,,Preharvest,Labor,Variable,Take-away (de-hilling) - Skilled Labor Costs,3,$60.00 ,$20.00hr * 3.00hr,,http://publications.dyson.cornell.edu/outreach/extensionpdf/2014/Cornell-Dyson-eb1401.pdf,,,,,,,
15,Mixed Fruits & Vegetables,Grapes (Conventional),,,,9,,,Preharvest,Labor,Variable,Take-away (de-hilling) - Skilled Labor Costs,3,$60.00 ,$20.00hr * 3.00hr,,http://publications.dyson.cornell.edu/outreach/extensionpdf/2014/Cornell-Dyson-eb1401.pdf,,,,,,,
15,Mixed Fruits & Vegetables,Grapes (Conventional),,,,10,,,Preharvest,Labor,Variable,Take-away (de-hilling) - Skilled Labor Costs,3,$60.00 ,$20.00hr * 3.00hr,,http://publications.dyson.cornell.edu/outreach/extensionpdf/2014/Cornell-Dyson-eb1401.pdf,,,,,,,
15,Mixed Fruits & Vegetables,Grapes (Conventional),,,,11,,,Preharvest,Labor,Variable,Take-away (de-hilling) - Skilled Labor Costs,3,$60.00 ,$20.00hr * 3.00hr,,http://publications.dyson.cornell.edu/outreach/extensionpdf/2014/Cornell-Dyson-eb1401.pdf,,,,,,,
15,Mixed Fruits & Vegetables,Grapes (Conventional),,,,12,,,Preharvest,Labor,Variable,Take-away (de-hilling) - Skilled Labor Costs,3,$60.00 ,$20.00hr * 3.00hr,,http://publications.dyson.cornell.edu/outreach/extensionpdf/2014/Cornell-Dyson-eb1401.pdf,,,,,,,
15,Mixed Fruits & Vegetables,Grapes (Conventional),,,,13,,,Preharvest,Labor,Variable,Take-away (de-hilling) - Skilled Labor Costs,3,$60.00 ,$20.00hr * 3.00hr,,http://publications.dyson.cornell.edu/outreach/extensionpdf/2014/Cornell-Dyson-eb1401.pdf,,,,,,,
15,Mixed Fruits & Vegetables,Grapes (Conventional),,,,14,,,Preharvest,Labor,Variable,Take-away (de-hilling) - Skilled Labor Costs,3,$60.00 ,$20.00hr * 3.00hr,,http://publications.dyson.cornell.edu/outreach/extensionpdf/2014/Cornell-Dyson-eb1401.pdf,,,,,,,
15,Mixed Fruits & Vegetables,Grapes (Conventional),,,,15,,,Preharvest,Labor,Variable,Take-away (de-hilling) - Skilled Labor Costs,3,$60.00 ,$20.00hr * 3.00hr,,http://publications.dyson.cornell.edu/outreach/extensionpdf/2014/Cornell-Dyson-eb1401.pdf,,,,,,,
15,Mixed Fruits & Vegetables,Grapes (Conventional),,,,16,,,Preharvest,Labor,Variable,Take-away (de-hilling) - Skilled Labor Costs,3,$60.00 ,$20.00hr * 3.00hr,,http://publications.dyson.cornell.edu/outreach/extensionpdf/2014/Cornell-Dyson-eb1401.pdf,,,,,,,
15,Mixed Fruits & Vegetables,Grapes (Conventional),,,,17,,,Preharvest,Labor,Variable,Take-away (de-hilling) - Skilled Labor Costs,3,$60.00 ,$20.00hr * 3.00hr,,http://publications.dyson.cornell.edu/outreach/extensionpdf/2014/Cornell-Dyson-eb1401.pdf,,,,,,,
15,Mixed Fruits & Vegetables,Grapes (Conventional),,,,18,,,Preharvest,Labor,Variable,Take-away (de-hilling) - Skilled Labor Costs,3,$60.00 ,$20.00hr * 3.00hr,,http://publications.dyson.cornell.edu/outreach/extensionpdf/2014/Cornell-Dyson-eb1401.pdf,,,,,,,
15,Mixed Fruits & Vegetables,Grapes (Conventional),,,,19,,,Preharvest,Labor,Variable,Take-away (de-hilling) - Skilled Labor Costs,3,$60.00 ,$20.00hr * 3.00hr,,http://publications.dyson.cornell.edu/outreach/extensionpdf/2014/Cornell-Dyson-eb1401.pdf,,,,,,,
15,Mixed Fruits & Vegetables,Grapes (Conventional),,,,20,,,Preharvest,Labor,Variable,Take-away (de-hilling) - Skilled Labor Costs,3,$60.00 ,$20.00hr * 3.00hr,,http://publications.dyson.cornell.edu/outreach/extensionpdf/2014/Cornell-Dyson-eb1401.pdf,,,,,,,
15,Mixed Fruits & Vegetables,Grapes (Conventional),,,,21,,,Preharvest,Labor,Variable,Take-away (de-hilling) - Skilled Labor Costs,3,$60.00 ,$20.00hr * 3.00hr,,http://publications.dyson.cornell.edu/outreach/extensionpdf/2014/Cornell-Dyson-eb1401.pdf,,,,,,,
15,Mixed Fruits & Vegetables,Grapes (Conventional),,,,22,,,Preharvest,Labor,Variable,Take-away (de-hilling) - Skilled Labor Costs,3,$60.00 ,$20.00hr * 3.00hr,,http://publications.dyson.cornell.edu/outreach/extensionpdf/2014/Cornell-Dyson-eb1401.pdf,,,,,,,
15,Mixed Fruits & Vegetables,Grapes (Conventional),,,,4,,,Preharvest,Equipment,Variable,Take-away (de-hilling) - Equipment Costs,,$45.09 ,,,http://publications.dyson.cornell.edu/outreach/extensionpdf/2014/Cornell-Dyson-eb1401.pdf,,,,,,,
15,Mixed Fruits & Vegetables,Grapes (Conventional),,,,5,,,Preharvest,Equipment,Variable,Take-away (de-hilling) - Equipment Costs,,$45.09 ,,,http://publications.dyson.cornell.edu/outreach/extensionpdf/2014/Cornell-Dyson-eb1401.pdf,,,,,,,
15,Mixed Fruits & Vegetables,Grapes (Conventional),,,,6,,,Preharvest,Equipment,Variable,Take-away (de-hilling) - Equipment Costs,,$45.09 ,,,http://publications.dyson.cornell.edu/outreach/extensionpdf/2014/Cornell-Dyson-eb1401.pdf,,,,,,,
15,Mixed Fruits & Vegetables,Grapes (Conventional),,,,7,,,Preharvest,Equipment,Variable,Take-away (de-hilling) - Equipment Costs,,$45.09 ,,,http://publications.dyson.cornell.edu/outreach/extensionpdf/2014/Cornell-Dyson-eb1401.pdf,,,,,,,
15,Mixed Fruits & Vegetables,Grapes (Conventional),,,,8,,,Preharvest,Equipment,Variable,Take-away (de-hilling) - Equipment Costs,,$45.09 ,,,http://publications.dyson.cornell.edu/outreach/extensionpdf/2014/Cornell-Dyson-eb1401.pdf,,,,,,,
15,Mixed Fruits & Vegetables,Grapes (Conventional),,,,9,,,Preharvest,Equipment,Variable,Take-away (de-hilling) - Equipment Costs,,$45.09 ,,,http://publications.dyson.cornell.edu/outreach/extensionpdf/2014/Cornell-Dyson-eb1401.pdf,,,,,,,
15,Mixed Fruits & Vegetables,Grapes (Conventional),,,,10,,,Preharvest,Equipment,Variable,Take-away (de-hilling) - Equipment Costs,,$45.09 ,,,http://publications.dyson.cornell.edu/outreach/extensionpdf/2014/Cornell-Dyson-eb1401.pdf,,,,,,,
15,Mixed Fruits & Vegetables,Grapes (Conventional),,,,11,,,Preharvest,Equipment,Variable,Take-away (de-hilling) - Equipment Costs,,$45.09 ,,,http://publications.dyson.cornell.edu/outreach/extensionpdf/2014/Cornell-Dyson-eb1401.pdf,,,,,,,
15,Mixed Fruits & Vegetables,Grapes (Conventional),,,,12,,,Preharvest,Equipment,Variable,Take-away (de-hilling) - Equipment Costs,,$45.09 ,,,http://publications.dyson.cornell.edu/outreach/extensionpdf/2014/Cornell-Dyson-eb1401.pdf,,,,,,,
15,Mixed Fruits & Vegetables,Grapes (Conventional),,,,13,,,Preharvest,Equipment,Variable,Take-away (de-hilling) - Equipment Costs,,$45.09 ,,,http://publications.dyson.cornell.edu/outreach/extensionpdf/2014/Cornell-Dyson-eb1401.pdf,,,,,,,
15,Mixed Fruits & Vegetables,Grapes (Conventional),,,,14,,,Preharvest,Equipment,Variable,Take-away (de-hilling) - Equipment Costs,,$45.09 ,,,http://publications.dyson.cornell.edu/outreach/extensionpdf/2014/Cornell-Dyson-eb1401.pdf,,,,,,,
15,Mixed Fruits & Vegetables,Grapes (Conventional),,,,15,,,Preharvest,Equipment,Variable,Take-away (de-hilling) - Equipment Costs,,$45.09 ,,,http://publications.dyson.cornell.edu/outreach/extensionpdf/2014/Cornell-Dyson-eb1401.pdf,,,,,,,
15,Mixed Fruits & Vegetables,Grapes (Conventional),,,,16,,,Preharvest,Equipment,Variable,Take-away (de-hilling) - Equipment Costs,,$45.09 ,,,http://publications.dyson.cornell.edu/outreach/extensionpdf/2014/Cornell-Dyson-eb1401.pdf,,,,,,,
15,Mixed Fruits & Vegetables,Grapes (Conventional),,,,17,,,Preharvest,Equipment,Variable,Take-away (de-hilling) - Equipment Costs,,$45.09 ,,,http://publications.dyson.cornell.edu/outreach/extensionpdf/2014/Cornell-Dyson-eb1401.pdf,,,,,,,
15,Mixed Fruits & Vegetables,Grapes (Conventional),,,,18,,,Preharvest,Equipment,Variable,Take-away (de-hilling) - Equipment Costs,,$45.09 ,,,http://publications.dyson.cornell.edu/outreach/extensionpdf/2014/Cornell-Dyson-eb1401.pdf,,,,,,,
15,Mixed Fruits & Vegetables,Grapes (Conventional),,,,19,,,Preharvest,Equipment,Variable,Take-away (de-hilling) - Equipment Costs,,$45.09 ,,,http://publications.dyson.cornell.edu/outreach/extensionpdf/2014/Cornell-Dyson-eb1401.pdf,,,,,,,
15,Mixed Fruits & Vegetables,Grapes (Conventional),,,,20,,,Preharvest,Equipment,Variable,Take-away (de-hilling) - Equipment Costs,,$45.09 ,,,http://publications.dyson.cornell.edu/outreach/extensionpdf/2014/Cornell-Dyson-eb1401.pdf,,,,,,,
15,Mixed Fruits & Vegetables,Grapes (Conventional),,,,21,,,Preharvest,Equipment,Variable,Take-away (de-hilling) - Equipment Costs,,$45.09 ,,,http://publications.dyson.cornell.edu/outreach/extensionpdf/2014/Cornell-Dyson-eb1401.pdf,,,,,,,
15,Mixed Fruits & Vegetables,Grapes (Conventional),,,,22,,,Preharvest,Equipment,Variable,Take-away (de-hilling) - Equipment Costs,,$45.09 ,,,http://publications.dyson.cornell.edu/outreach/extensionpdf/2014/Cornell-Dyson-eb1401.pdf,,,,,,,
15,Mixed Fruits & Vegetables,Grapes (Conventional),,,,4,,,Preharvest,Labor,Variable,Bird control - Skilled Labor Costs,3,$60.00 ,$20.00hr * 3.00hr,,http://publications.dyson.cornell.edu/outreach/extensionpdf/2014/Cornell-Dyson-eb1401.pdf,,,,,,,
15,Mixed Fruits & Vegetables,Grapes (Conventional),,,,5,,,Preharvest,Labor,Variable,Bird control - Skilled Labor Costs,3,$60.00 ,$20.00hr * 3.00hr,,http://publications.dyson.cornell.edu/outreach/extensionpdf/2014/Cornell-Dyson-eb1401.pdf,,,,,,,
15,Mixed Fruits & Vegetables,Grapes (Conventional),,,,6,,,Preharvest,Labor,Variable,Bird control - Skilled Labor Costs,3,$60.00 ,$20.00hr * 3.00hr,,http://publications.dyson.cornell.edu/outreach/extensionpdf/2014/Cornell-Dyson-eb1401.pdf,,,,,,,
15,Mixed Fruits & Vegetables,Grapes (Conventional),,,,7,,,Preharvest,Labor,Variable,Bird control - Skilled Labor Costs,3,$60.00 ,$20.00hr * 3.00hr,,http://publications.dyson.cornell.edu/outreach/extensionpdf/2014/Cornell-Dyson-eb1401.pdf,,,,,,,
15,Mixed Fruits & Vegetables,Grapes (Conventional),,,,8,,,Preharvest,Labor,Variable,Bird control - Skilled Labor Costs,3,$60.00 ,$20.00hr * 3.00hr,,http://publications.dyson.cornell.edu/outreach/extensionpdf/2014/Cornell-Dyson-eb1401.pdf,,,,,,,
15,Mixed Fruits & Vegetables,Grapes (Conventional),,,,9,,,Preharvest,Labor,Variable,Bird control - Skilled Labor Costs,3,$60.00 ,$20.00hr * 3.00hr,,http://publications.dyson.cornell.edu/outreach/extensionpdf/2014/Cornell-Dyson-eb1401.pdf,,,,,,,
15,Mixed Fruits & Vegetables,Grapes (Conventional),,,,10,,,Preharvest,Labor,Variable,Bird control - Skilled Labor Costs,3,$60.00 ,$20.00hr * 3.00hr,,http://publications.dyson.cornell.edu/outreach/extensionpdf/2014/Cornell-Dyson-eb1401.pdf,,,,,,,
15,Mixed Fruits & Vegetables,Grapes (Conventional),,,,11,,,Preharvest,Labor,Variable,Bird control - Skilled Labor Costs,3,$60.00 ,$20.00hr * 3.00hr,,http://publications.dyson.cornell.edu/outreach/extensionpdf/2014/Cornell-Dyson-eb1401.pdf,,,,,,,
15,Mixed Fruits & Vegetables,Grapes (Conventional),,,,12,,,Preharvest,Labor,Variable,Bird control - Skilled Labor Costs,3,$60.00 ,$20.00hr * 3.00hr,,http://publications.dyson.cornell.edu/outreach/extensionpdf/2014/Cornell-Dyson-eb1401.pdf,,,,,,,
15,Mixed Fruits & Vegetables,Grapes (Conventional),,,,13,,,Preharvest,Labor,Variable,Bird control - Skilled Labor Costs,3,$60.00 ,$20.00hr * 3.00hr,,http://publications.dyson.cornell.edu/outreach/extensionpdf/2014/Cornell-Dyson-eb1401.pdf,,,,,,,
15,Mixed Fruits & Vegetables,Grapes (Conventional),,,,14,,,Preharvest,Labor,Variable,Bird control - Skilled Labor Costs,3,$60.00 ,$20.00hr * 3.00hr,,http://publications.dyson.cornell.edu/outreach/extensionpdf/2014/Cornell-Dyson-eb1401.pdf,,,,,,,
15,Mixed Fruits & Vegetables,Grapes (Conventional),,,,15,,,Preharvest,Labor,Variable,Bird control - Skilled Labor Costs,3,$60.00 ,$20.00hr * 3.00hr,,http://publications.dyson.cornell.edu/outreach/extensionpdf/2014/Cornell-Dyson-eb1401.pdf,,,,,,,
15,Mixed Fruits & Vegetables,Grapes (Conventional),,,,16,,,Preharvest,Labor,Variable,Bird control - Skilled Labor Costs,3,$60.00 ,$20.00hr * 3.00hr,,http://publications.dyson.cornell.edu/outreach/extensionpdf/2014/Cornell-Dyson-eb1401.pdf,,,,,,,
15,Mixed Fruits & Vegetables,Grapes (Conventional),,,,17,,,Preharvest,Labor,Variable,Bird control - Skilled Labor Costs,3,$60.00 ,$20.00hr * 3.00hr,,http://publications.dyson.cornell.edu/outreach/extensionpdf/2014/Cornell-Dyson-eb1401.pdf,,,,,,,
15,Mixed Fruits & Vegetables,Grapes (Conventional),,,,18,,,Preharvest,Labor,Variable,Bird control - Skilled Labor Costs,3,$60.00 ,$20.00hr * 3.00hr,,http://publications.dyson.cornell.edu/outreach/extensionpdf/2014/Cornell-Dyson-eb1401.pdf,,,,,,,
15,Mixed Fruits & Vegetables,Grapes (Conventional),,,,19,,,Preharvest,Labor,Variable,Bird control - Skilled Labor Costs,3,$60.00 ,$20.00hr * 3.00hr,,http://publications.dyson.cornell.edu/outreach/extensionpdf/2014/Cornell-Dyson-eb1401.pdf,,,,,,,
15,Mixed Fruits & Vegetables,Grapes (Conventional),,,,20,,,Preharvest,Labor,Variable,Bird control - Skilled Labor Costs,3,$60.00 ,$20.00hr * 3.00hr,,http://publications.dyson.cornell.edu/outreach/extensionpdf/2014/Cornell-Dyson-eb1401.pdf,,,,,,,
15,Mixed Fruits & Vegetables,Grapes (Conventional),,,,21,,,Preharvest,Labor,Variable,Bird control - Skilled Labor Costs,3,$60.00 ,$20.00hr * 3.00hr,,http://publications.dyson.cornell.edu/outreach/extensionpdf/2014/Cornell-Dyson-eb1401.pdf,,,,,,,
15,Mixed Fruits & Vegetables,Grapes (Conventional),,,,22,,,Preharvest,Labor,Variable,Bird control - Skilled Labor Costs,3,$60.00 ,$20.00hr * 3.00hr,,http://publications.dyson.cornell.edu/outreach/extensionpdf/2014/Cornell-Dyson-eb1401.pdf,,,,,,,
15,Mixed Fruits & Vegetables,Grapes (Conventional),,,,4,,,Preharvest,Input,Variable,Sprays 1-2 - Mancozeb 75DF,,$24.30 ,Mancozeb 75DF 3 lbs/acre * $4.05/lb * 2 sprays,,http://publications.dyson.cornell.edu/outreach/extensionpdf/2014/Cornell-Dyson-eb1401.pdf,,,,,,,
15,Mixed Fruits & Vegetables,Grapes (Conventional),,,,5,,,Preharvest,Input,Variable,Sprays 1-2 - Mancozeb 75DF,,$24.30 ,Mancozeb 75DF 3 lbs/acre * $4.05/lb * 2 sprays,,http://publications.dyson.cornell.edu/outreach/extensionpdf/2014/Cornell-Dyson-eb1401.pdf,,,,,,,
15,Mixed Fruits & Vegetables,Grapes (Conventional),,,,6,,,Preharvest,Input,Variable,Sprays 1-2 - Mancozeb 75DF,,$24.30 ,Mancozeb 75DF 3 lbs/acre * $4.05/lb * 2 sprays,,http://publications.dyson.cornell.edu/outreach/extensionpdf/2014/Cornell-Dyson-eb1401.pdf,,,,,,,
15,Mixed Fruits & Vegetables,Grapes (Conventional),,,,7,,,Preharvest,Input,Variable,Sprays 1-2 - Mancozeb 75DF,,$24.30 ,Mancozeb 75DF 3 lbs/acre * $4.05/lb * 2 sprays,,http://publications.dyson.cornell.edu/outreach/extensionpdf/2014/Cornell-Dyson-eb1401.pdf,,,,,,,
15,Mixed Fruits & Vegetables,Grapes (Conventional),,,,8,,,Preharvest,Input,Variable,Sprays 1-2 - Mancozeb 75DF,,$24.30 ,Mancozeb 75DF 3 lbs/acre * $4.05/lb * 2 sprays,,http://publications.dyson.cornell.edu/outreach/extensionpdf/2014/Cornell-Dyson-eb1401.pdf,,,,,,,
15,Mixed Fruits & Vegetables,Grapes (Conventional),,,,9,,,Preharvest,Input,Variable,Sprays 1-2 - Mancozeb 75DF,,$24.30 ,Mancozeb 75DF 3 lbs/acre * $4.05/lb * 2 sprays,,http://publications.dyson.cornell.edu/outreach/extensionpdf/2014/Cornell-Dyson-eb1401.pdf,,,,,,,
15,Mixed Fruits & Vegetables,Grapes (Conventional),,,,10,,,Preharvest,Input,Variable,Sprays 1-2 - Mancozeb 75DF,,$24.30 ,Mancozeb 75DF 3 lbs/acre * $4.05/lb * 2 sprays,,http://publications.dyson.cornell.edu/outreach/extensionpdf/2014/Cornell-Dyson-eb1401.pdf,,,,,,,
15,Mixed Fruits & Vegetables,Grapes (Conventional),,,,11,,,Preharvest,Input,Variable,Sprays 1-2 - Mancozeb 75DF,,$24.30 ,Mancozeb 75DF 3 lbs/acre * $4.05/lb * 2 sprays,,http://publications.dyson.cornell.edu/outreach/extensionpdf/2014/Cornell-Dyson-eb1401.pdf,,,,,,,
15,Mixed Fruits & Vegetables,Grapes (Conventional),,,,12,,,Preharvest,Input,Variable,Sprays 1-2 - Mancozeb 75DF,,$24.30 ,Mancozeb 75DF 3 lbs/acre * $4.05/lb * 2 sprays,,http://publications.dyson.cornell.edu/outreach/extensionpdf/2014/Cornell-Dyson-eb1401.pdf,,,,,,,
15,Mixed Fruits & Vegetables,Grapes (Conventional),,,,13,,,Preharvest,Input,Variable,Sprays 1-2 - Mancozeb 75DF,,$24.30 ,Mancozeb 75DF 3 lbs/acre * $4.05/lb * 2 sprays,,http://publications.dyson.cornell.edu/outreach/extensionpdf/2014/Cornell-Dyson-eb1401.pdf,,,,,,,
15,Mixed Fruits & Vegetables,Grapes (Conventional),,,,14,,,Preharvest,Input,Variable,Sprays 1-2 - Mancozeb 75DF,,$24.30 ,Mancozeb 75DF 3 lbs/acre * $4.05/lb * 2 sprays,,http://publications.dyson.cornell.edu/outreach/extensionpdf/2014/Cornell-Dyson-eb1401.pdf,,,,,,,
15,Mixed Fruits & Vegetables,Grapes (Conventional),,,,15,,,Preharvest,Input,Variable,Sprays 1-2 - Mancozeb 75DF,,$24.30 ,Mancozeb 75DF 3 lbs/acre * $4.05/lb * 2 sprays,,http://publications.dyson.cornell.edu/outreach/extensionpdf/2014/Cornell-Dyson-eb1401.pdf,,,,,,,
15,Mixed Fruits & Vegetables,Grapes (Conventional),,,,16,,,Preharvest,Input,Variable,Sprays 1-2 - Mancozeb 75DF,,$24.30 ,Mancozeb 75DF 3 lbs/acre * $4.05/lb * 2 sprays,,http://publications.dyson.cornell.edu/outreach/extensionpdf/2014/Cornell-Dyson-eb1401.pdf,,,,,,,
15,Mixed Fruits & Vegetables,Grapes (Conventional),,,,17,,,Preharvest,Input,Variable,Sprays 1-2 - Mancozeb 75DF,,$24.30 ,Mancozeb 75DF 3 lbs/acre * $4.05/lb * 2 sprays,,http://publications.dyson.cornell.edu/outreach/extensionpdf/2014/Cornell-Dyson-eb1401.pdf,,,,,,,
15,Mixed Fruits & Vegetables,Grapes (Conventional),,,,18,,,Preharvest,Input,Variable,Sprays 1-2 - Mancozeb 75DF,,$24.30 ,Mancozeb 75DF 3 lbs/acre * $4.05/lb * 2 sprays,,http://publications.dyson.cornell.edu/outreach/extensionpdf/2014/Cornell-Dyson-eb1401.pdf,,,,,,,
15,Mixed Fruits & Vegetables,Grapes (Conventional),,,,19,,,Preharvest,Input,Variable,Sprays 1-2 - Mancozeb 75DF,,$24.30 ,Mancozeb 75DF 3 lbs/acre * $4.05/lb * 2 sprays,,http://publications.dyson.cornell.edu/outreach/extensionpdf/2014/Cornell-Dyson-eb1401.pdf,,,,,,,
15,Mixed Fruits & Vegetables,Grapes (Conventional),,,,20,,,Preharvest,Input,Variable,Sprays 1-2 - Mancozeb 75DF,,$24.30 ,Mancozeb 75DF 3 lbs/acre * $4.05/lb * 2 sprays,,http://publications.dyson.cornell.edu/outreach/extensionpdf/2014/Cornell-Dyson-eb1401.pdf,,,,,,,
15,Mixed Fruits & Vegetables,Grapes (Conventional),,,,21,,,Preharvest,Input,Variable,Sprays 1-2 - Mancozeb 75DF,,$24.30 ,Mancozeb 75DF 3 lbs/acre * $4.05/lb * 2 sprays,,http://publications.dyson.cornell.edu/outreach/extensionpdf/2014/Cornell-Dyson-eb1401.pdf,,,,,,,
15,Mixed Fruits & Vegetables,Grapes (Conventional),,,,22,,,Preharvest,Input,Variable,Sprays 1-2 - Mancozeb 75DF,,$24.30 ,Mancozeb 75DF 3 lbs/acre * $4.05/lb * 2 sprays,,http://publications.dyson.cornell.edu/outreach/extensionpdf/2014/Cornell-Dyson-eb1401.pdf,,,,,,,
15,Mixed Fruits & Vegetables,Grapes (Conventional),,,,4,,,Preharvest,Input,Variable,Sprays 1-2 - Sulfur,,$4.00 ,Sulfur 4 lbs/acre * $0.50/lb * 2 sprays,,http://publications.dyson.cornell.edu/outreach/extensionpdf/2014/Cornell-Dyson-eb1401.pdf,,,,,,,
15,Mixed Fruits & Vegetables,Grapes (Conventional),,,,5,,,Preharvest,Input,Variable,Sprays 1-2 - Sulfur,,$4.00 ,Sulfur 4 lbs/acre * $0.50/lb * 2 sprays,,http://publications.dyson.cornell.edu/outreach/extensionpdf/2014/Cornell-Dyson-eb1401.pdf,,,,,,,
15,Mixed Fruits & Vegetables,Grapes (Conventional),,,,6,,,Preharvest,Input,Variable,Sprays 1-2 - Sulfur,,$4.00 ,Sulfur 4 lbs/acre * $0.50/lb * 2 sprays,,http://publications.dyson.cornell.edu/outreach/extensionpdf/2014/Cornell-Dyson-eb1401.pdf,,,,,,,
15,Mixed Fruits & Vegetables,Grapes (Conventional),,,,7,,,Preharvest,Input,Variable,Sprays 1-2 - Sulfur,,$4.00 ,Sulfur 4 lbs/acre * $0.50/lb * 2 sprays,,http://publications.dyson.cornell.edu/outreach/extensionpdf/2014/Cornell-Dyson-eb1401.pdf,,,,,,,
15,Mixed Fruits & Vegetables,Grapes (Conventional),,,,8,,,Preharvest,Input,Variable,Sprays 1-2 - Sulfur,,$4.00 ,Sulfur 4 lbs/acre * $0.50/lb * 2 sprays,,http://publications.dyson.cornell.edu/outreach/extensionpdf/2014/Cornell-Dyson-eb1401.pdf,,,,,,,
15,Mixed Fruits & Vegetables,Grapes (Conventional),,,,9,,,Preharvest,Input,Variable,Sprays 1-2 - Sulfur,,$4.00 ,Sulfur 4 lbs/acre * $0.50/lb * 2 sprays,,http://publications.dyson.cornell.edu/outreach/extensionpdf/2014/Cornell-Dyson-eb1401.pdf,,,,,,,
15,Mixed Fruits & Vegetables,Grapes (Conventional),,,,10,,,Preharvest,Input,Variable,Sprays 1-2 - Sulfur,,$4.00 ,Sulfur 4 lbs/acre * $0.50/lb * 2 sprays,,http://publications.dyson.cornell.edu/outreach/extensionpdf/2014/Cornell-Dyson-eb1401.pdf,,,,,,,
15,Mixed Fruits & Vegetables,Grapes (Conventional),,,,11,,,Preharvest,Input,Variable,Sprays 1-2 - Sulfur,,$4.00 ,Sulfur 4 lbs/acre * $0.50/lb * 2 sprays,,http://publications.dyson.cornell.edu/outreach/extensionpdf/2014/Cornell-Dyson-eb1401.pdf,,,,,,,
15,Mixed Fruits & Vegetables,Grapes (Conventional),,,,12,,,Preharvest,Input,Variable,Sprays 1-2 - Sulfur,,$4.00 ,Sulfur 4 lbs/acre * $0.50/lb * 2 sprays,,http://publications.dyson.cornell.edu/outreach/extensionpdf/2014/Cornell-Dyson-eb1401.pdf,,,,,,,
15,Mixed Fruits & Vegetables,Grapes (Conventional),,,,13,,,Preharvest,Input,Variable,Sprays 1-2 - Sulfur,,$4.00 ,Sulfur 4 lbs/acre * $0.50/lb * 2 sprays,,http://publications.dyson.cornell.edu/outreach/extensionpdf/2014/Cornell-Dyson-eb1401.pdf,,,,,,,
15,Mixed Fruits & Vegetables,Grapes (Conventional),,,,14,,,Preharvest,Input,Variable,Sprays 1-2 - Sulfur,,$4.00 ,Sulfur 4 lbs/acre * $0.50/lb * 2 sprays,,http://publications.dyson.cornell.edu/outreach/extensionpdf/2014/Cornell-Dyson-eb1401.pdf,,,,,,,
15,Mixed Fruits & Vegetables,Grapes (Conventional),,,,15,,,Preharvest,Input,Variable,Sprays 1-2 - Sulfur,,$4.00 ,Sulfur 4 lbs/acre * $0.50/lb * 2 sprays,,http://publications.dyson.cornell.edu/outreach/extensionpdf/2014/Cornell-Dyson-eb1401.pdf,,,,,,,
15,Mixed Fruits & Vegetables,Grapes (Conventional),,,,16,,,Preharvest,Input,Variable,Sprays 1-2 - Sulfur,,$4.00 ,Sulfur 4 lbs/acre * $0.50/lb * 2 sprays,,http://publications.dyson.cornell.edu/outreach/extensionpdf/2014/Cornell-Dyson-eb1401.pdf,,,,,,,
15,Mixed Fruits & Vegetables,Grapes (Conventional),,,,17,,,Preharvest,Input,Variable,Sprays 1-2 - Sulfur,,$4.00 ,Sulfur 4 lbs/acre * $0.50/lb * 2 sprays,,http://publications.dyson.cornell.edu/outreach/extensionpdf/2014/Cornell-Dyson-eb1401.pdf,,,,,,,
15,Mixed Fruits & Vegetables,Grapes (Conventional),,,,18,,,Preharvest,Input,Variable,Sprays 1-2 - Sulfur,,$4.00 ,Sulfur 4 lbs/acre * $0.50/lb * 2 sprays,,http://publications.dyson.cornell.edu/outreach/extensionpdf/2014/Cornell-Dyson-eb1401.pdf,,,,,,,
15,Mixed Fruits & Vegetables,Grapes (Conventional),,,,19,,,Preharvest,Input,Variable,Sprays 1-2 - Sulfur,,$4.00 ,Sulfur 4 lbs/acre * $0.50/lb * 2 sprays,,http://publications.dyson.cornell.edu/outreach/extensionpdf/2014/Cornell-Dyson-eb1401.pdf,,,,,,,
15,Mixed Fruits & Vegetables,Grapes (Conventional),,,,20,,,Preharvest,Input,Variable,Sprays 1-2 - Sulfur,,$4.00 ,Sulfur 4 lbs/acre * $0.50/lb * 2 sprays,,http://publications.dyson.cornell.edu/outreach/extensionpdf/2014/Cornell-Dyson-eb1401.pdf,,,,,,,
15,Mixed Fruits & Vegetables,Grapes (Conventional),,,,21,,,Preharvest,Input,Variable,Sprays 1-2 - Sulfur,,$4.00 ,Sulfur 4 lbs/acre * $0.50/lb * 2 sprays,,http://publications.dyson.cornell.edu/outreach/extensionpdf/2014/Cornell-Dyson-eb1401.pdf,,,,,,,
15,Mixed Fruits & Vegetables,Grapes (Conventional),,,,22,,,Preharvest,Input,Variable,Sprays 1-2 - Sulfur,,$4.00 ,Sulfur 4 lbs/acre * $0.50/lb * 2 sprays,,http://publications.dyson.cornell.edu/outreach/extensionpdf/2014/Cornell-Dyson-eb1401.pdf,,,,,,,
15,Mixed Fruits & Vegetables,Grapes (Conventional),,,,4,,,Preharvest,Input,Variable,Sprays 1-2 - Spreader,,$1.25 ,Spreader 4 oz./acre * $20/gal * 2 sprays,,http://publications.dyson.cornell.edu/outreach/extensionpdf/2014/Cornell-Dyson-eb1401.pdf,,,,,,,
15,Mixed Fruits & Vegetables,Grapes (Conventional),,,,5,,,Preharvest,Input,Variable,Sprays 1-2 - Spreader,,$1.25 ,Spreader 4 oz./acre * $20/gal * 2 sprays,,http://publications.dyson.cornell.edu/outreach/extensionpdf/2014/Cornell-Dyson-eb1401.pdf,,,,,,,
15,Mixed Fruits & Vegetables,Grapes (Conventional),,,,6,,,Preharvest,Input,Variable,Sprays 1-2 - Spreader,,$1.25 ,Spreader 4 oz./acre * $20/gal * 2 sprays,,http://publications.dyson.cornell.edu/outreach/extensionpdf/2014/Cornell-Dyson-eb1401.pdf,,,,,,,
15,Mixed Fruits & Vegetables,Grapes (Conventional),,,,7,,,Preharvest,Input,Variable,Sprays 1-2 - Spreader,,$1.25 ,Spreader 4 oz./acre * $20/gal * 2 sprays,,http://publications.dyson.cornell.edu/outreach/extensionpdf/2014/Cornell-Dyson-eb1401.pdf,,,,,,,
15,Mixed Fruits & Vegetables,Grapes (Conventional),,,,8,,,Preharvest,Input,Variable,Sprays 1-2 - Spreader,,$1.25 ,Spreader 4 oz./acre * $20/gal * 2 sprays,,http://publications.dyson.cornell.edu/outreach/extensionpdf/2014/Cornell-Dyson-eb1401.pdf,,,,,,,
15,Mixed Fruits & Vegetables,Grapes (Conventional),,,,9,,,Preharvest,Input,Variable,Sprays 1-2 - Spreader,,$1.25 ,Spreader 4 oz./acre * $20/gal * 2 sprays,,http://publications.dyson.cornell.edu/outreach/extensionpdf/2014/Cornell-Dyson-eb1401.pdf,,,,,,,
15,Mixed Fruits & Vegetables,Grapes (Conventional),,,,10,,,Preharvest,Input,Variable,Sprays 1-2 - Spreader,,$1.25 ,Spreader 4 oz./acre * $20/gal * 2 sprays,,http://publications.dyson.cornell.edu/outreach/extensionpdf/2014/Cornell-Dyson-eb1401.pdf,,,,,,,
15,Mixed Fruits & Vegetables,Grapes (Conventional),,,,11,,,Preharvest,Input,Variable,Sprays 1-2 - Spreader,,$1.25 ,Spreader 4 oz./acre * $20/gal * 2 sprays,,http://publications.dyson.cornell.edu/outreach/extensionpdf/2014/Cornell-Dyson-eb1401.pdf,,,,,,,
15,Mixed Fruits & Vegetables,Grapes (Conventional),,,,12,,,Preharvest,Input,Variable,Sprays 1-2 - Spreader,,$1.25 ,Spreader 4 oz./acre * $20/gal * 2 sprays,,http://publications.dyson.cornell.edu/outreach/extensionpdf/2014/Cornell-Dyson-eb1401.pdf,,,,,,,
15,Mixed Fruits & Vegetables,Grapes (Conventional),,,,13,,,Preharvest,Input,Variable,Sprays 1-2 - Spreader,,$1.25 ,Spreader 4 oz./acre * $20/gal * 2 sprays,,http://publications.dyson.cornell.edu/outreach/extensionpdf/2014/Cornell-Dyson-eb1401.pdf,,,,,,,
15,Mixed Fruits & Vegetables,Grapes (Conventional),,,,14,,,Preharvest,Input,Variable,Sprays 1-2 - Spreader,,$1.25 ,Spreader 4 oz./acre * $20/gal * 2 sprays,,http://publications.dyson.cornell.edu/outreach/extensionpdf/2014/Cornell-Dyson-eb1401.pdf,,,,,,,
15,Mixed Fruits & Vegetables,Grapes (Conventional),,,,15,,,Preharvest,Input,Variable,Sprays 1-2 - Spreader,,$1.25 ,Spreader 4 oz./acre * $20/gal * 2 sprays,,http://publications.dyson.cornell.edu/outreach/extensionpdf/2014/Cornell-Dyson-eb1401.pdf,,,,,,,
15,Mixed Fruits & Vegetables,Grapes (Conventional),,,,16,,,Preharvest,Input,Variable,Sprays 1-2 - Spreader,,$1.25 ,Spreader 4 oz./acre * $20/gal * 2 sprays,,http://publications.dyson.cornell.edu/outreach/extensionpdf/2014/Cornell-Dyson-eb1401.pdf,,,,,,,
15,Mixed Fruits & Vegetables,Grapes (Conventional),,,,17,,,Preharvest,Input,Variable,Sprays 1-2 - Spreader,,$1.25 ,Spreader 4 oz./acre * $20/gal * 2 sprays,,http://publications.dyson.cornell.edu/outreach/extensionpdf/2014/Cornell-Dyson-eb1401.pdf,,,,,,,
15,Mixed Fruits & Vegetables,Grapes (Conventional),,,,18,,,Preharvest,Input,Variable,Sprays 1-2 - Spreader,,$1.25 ,Spreader 4 oz./acre * $20/gal * 2 sprays,,http://publications.dyson.cornell.edu/outreach/extensionpdf/2014/Cornell-Dyson-eb1401.pdf,,,,,,,
15,Mixed Fruits & Vegetables,Grapes (Conventional),,,,19,,,Preharvest,Input,Variable,Sprays 1-2 - Spreader,,$1.25 ,Spreader 4 oz./acre * $20/gal * 2 sprays,,http://publications.dyson.cornell.edu/outreach/extensionpdf/2014/Cornell-Dyson-eb1401.pdf,,,,,,,
15,Mixed Fruits & Vegetables,Grapes (Conventional),,,,20,,,Preharvest,Input,Variable,Sprays 1-2 - Spreader,,$1.25 ,Spreader 4 oz./acre * $20/gal * 2 sprays,,http://publications.dyson.cornell.edu/outreach/extensionpdf/2014/Cornell-Dyson-eb1401.pdf,,,,,,,
15,Mixed Fruits & Vegetables,Grapes (Conventional),,,,21,,,Preharvest,Input,Variable,Sprays 1-2 - Spreader,,$1.25 ,Spreader 4 oz./acre * $20/gal * 2 sprays,,http://publications.dyson.cornell.edu/outreach/extensionpdf/2014/Cornell-Dyson-eb1401.pdf,,,,,,,
15,Mixed Fruits & Vegetables,Grapes (Conventional),,,,22,,,Preharvest,Input,Variable,Sprays 1-2 - Spreader,,$1.25 ,Spreader 4 oz./acre * $20/gal * 2 sprays,,http://publications.dyson.cornell.edu/outreach/extensionpdf/2014/Cornell-Dyson-eb1401.pdf,,,,,,,
15,Mixed Fruits & Vegetables,Grapes (Conventional),,,,4,,,Preharvest,Labor,Variable,Sprays 1-2 - Skilled Labor Costs,1.2,$24.00 ,0.6 hours * $20/hour * 2 sprays,,http://publications.dyson.cornell.edu/outreach/extensionpdf/2014/Cornell-Dyson-eb1401.pdf,,,,,,,
15,Mixed Fruits & Vegetables,Grapes (Conventional),,,,5,,,Preharvest,Labor,Variable,Sprays 1-2 - Skilled Labor Costs,1.2,$24.00 ,0.6 hours * $20/hour * 2 sprays,,http://publications.dyson.cornell.edu/outreach/extensionpdf/2014/Cornell-Dyson-eb1401.pdf,,,,,,,
15,Mixed Fruits & Vegetables,Grapes (Conventional),,,,6,,,Preharvest,Labor,Variable,Sprays 1-2 - Skilled Labor Costs,1.2,$24.00 ,0.6 hours * $20/hour * 2 sprays,,http://publications.dyson.cornell.edu/outreach/extensionpdf/2014/Cornell-Dyson-eb1401.pdf,,,,,,,
15,Mixed Fruits & Vegetables,Grapes (Conventional),,,,7,,,Preharvest,Labor,Variable,Sprays 1-2 - Skilled Labor Costs,1.2,$24.00 ,0.6 hours * $20/hour * 2 sprays,,http://publications.dyson.cornell.edu/outreach/extensionpdf/2014/Cornell-Dyson-eb1401.pdf,,,,,,,
15,Mixed Fruits & Vegetables,Grapes (Conventional),,,,8,,,Preharvest,Labor,Variable,Sprays 1-2 - Skilled Labor Costs,1.2,$24.00 ,0.6 hours * $20/hour * 2 sprays,,http://publications.dyson.cornell.edu/outreach/extensionpdf/2014/Cornell-Dyson-eb1401.pdf,,,,,,,
15,Mixed Fruits & Vegetables,Grapes (Conventional),,,,9,,,Preharvest,Labor,Variable,Sprays 1-2 - Skilled Labor Costs,1.2,$24.00 ,0.6 hours * $20/hour * 2 sprays,,http://publications.dyson.cornell.edu/outreach/extensionpdf/2014/Cornell-Dyson-eb1401.pdf,,,,,,,
15,Mixed Fruits & Vegetables,Grapes (Conventional),,,,10,,,Preharvest,Labor,Variable,Sprays 1-2 - Skilled Labor Costs,1.2,$24.00 ,0.6 hours * $20/hour * 2 sprays,,http://publications.dyson.cornell.edu/outreach/extensionpdf/2014/Cornell-Dyson-eb1401.pdf,,,,,,,
15,Mixed Fruits & Vegetables,Grapes (Conventional),,,,11,,,Preharvest,Labor,Variable,Sprays 1-2 - Skilled Labor Costs,1.2,$24.00 ,0.6 hours * $20/hour * 2 sprays,,http://publications.dyson.cornell.edu/outreach/extensionpdf/2014/Cornell-Dyson-eb1401.pdf,,,,,,,
15,Mixed Fruits & Vegetables,Grapes (Conventional),,,,12,,,Preharvest,Labor,Variable,Sprays 1-2 - Skilled Labor Costs,1.2,$24.00 ,0.6 hours * $20/hour * 2 sprays,,http://publications.dyson.cornell.edu/outreach/extensionpdf/2014/Cornell-Dyson-eb1401.pdf,,,,,,,
15,Mixed Fruits & Vegetables,Grapes (Conventional),,,,13,,,Preharvest,Labor,Variable,Sprays 1-2 - Skilled Labor Costs,1.2,$24.00 ,0.6 hours * $20/hour * 2 sprays,,http://publications.dyson.cornell.edu/outreach/extensionpdf/2014/Cornell-Dyson-eb1401.pdf,,,,,,,
15,Mixed Fruits & Vegetables,Grapes (Conventional),,,,14,,,Preharvest,Labor,Variable,Sprays 1-2 - Skilled Labor Costs,1.2,$24.00 ,0.6 hours * $20/hour * 2 sprays,,http://publications.dyson.cornell.edu/outreach/extensionpdf/2014/Cornell-Dyson-eb1401.pdf,,,,,,,
15,Mixed Fruits & Vegetables,Grapes (Conventional),,,,15,,,Preharvest,Labor,Variable,Sprays 1-2 - Skilled Labor Costs,1.2,$24.00 ,0.6 hours * $20/hour * 2 sprays,,http://publications.dyson.cornell.edu/outreach/extensionpdf/2014/Cornell-Dyson-eb1401.pdf,,,,,,,
15,Mixed Fruits & Vegetables,Grapes (Conventional),,,,16,,,Preharvest,Labor,Variable,Sprays 1-2 - Skilled Labor Costs,1.2,$24.00 ,0.6 hours * $20/hour * 2 sprays,,http://publications.dyson.cornell.edu/outreach/extensionpdf/2014/Cornell-Dyson-eb1401.pdf,,,,,,,
15,Mixed Fruits & Vegetables,Grapes (Conventional),,,,17,,,Preharvest,Labor,Variable,Sprays 1-2 - Skilled Labor Costs,1.2,$24.00 ,0.6 hours * $20/hour * 2 sprays,,http://publications.dyson.cornell.edu/outreach/extensionpdf/2014/Cornell-Dyson-eb1401.pdf,,,,,,,
15,Mixed Fruits & Vegetables,Grapes (Conventional),,,,18,,,Preharvest,Labor,Variable,Sprays 1-2 - Skilled Labor Costs,1.2,$24.00 ,0.6 hours * $20/hour * 2 sprays,,http://publications.dyson.cornell.edu/outreach/extensionpdf/2014/Cornell-Dyson-eb1401.pdf,,,,,,,
15,Mixed Fruits & Vegetables,Grapes (Conventional),,,,19,,,Preharvest,Labor,Variable,Sprays 1-2 - Skilled Labor Costs,1.2,$24.00 ,0.6 hours * $20/hour * 2 sprays,,http://publications.dyson.cornell.edu/outreach/extensionpdf/2014/Cornell-Dyson-eb1401.pdf,,,,,,,
15,Mixed Fruits & Vegetables,Grapes (Conventional),,,,20,,,Preharvest,Labor,Variable,Sprays 1-2 - Skilled Labor Costs,1.2,$24.00 ,0.6 hours * $20/hour * 2 sprays,,http://publications.dyson.cornell.edu/outreach/extensionpdf/2014/Cornell-Dyson-eb1401.pdf,,,,,,,
15,Mixed Fruits & Vegetables,Grapes (Conventional),,,,21,,,Preharvest,Labor,Variable,Sprays 1-2 - Skilled Labor Costs,1.2,$24.00 ,0.6 hours * $20/hour * 2 sprays,,http://publications.dyson.cornell.edu/outreach/extensionpdf/2014/Cornell-Dyson-eb1401.pdf,,,,,,,
15,Mixed Fruits & Vegetables,Grapes (Conventional),,,,22,,,Preharvest,Labor,Variable,Sprays 1-2 - Skilled Labor Costs,1.2,$24.00 ,0.6 hours * $20/hour * 2 sprays,,http://publications.dyson.cornell.edu/outreach/extensionpdf/2014/Cornell-Dyson-eb1401.pdf,,,,,,,
15,Mixed Fruits & Vegetables,Grapes (Conventional),,,,4,,,Preharvest,Equipment,Variable,Sprays 1-2 - Equipment Costs,,$27.94 ,$13.97 * 2 sprays,,http://publications.dyson.cornell.edu/outreach/extensionpdf/2014/Cornell-Dyson-eb1401.pdf,,,,,,,
15,Mixed Fruits & Vegetables,Grapes (Conventional),,,,5,,,Preharvest,Equipment,Variable,Sprays 1-2 - Equipment Costs,,$27.94 ,$13.97 * 2 sprays,,http://publications.dyson.cornell.edu/outreach/extensionpdf/2014/Cornell-Dyson-eb1401.pdf,,,,,,,
15,Mixed Fruits & Vegetables,Grapes (Conventional),,,,6,,,Preharvest,Equipment,Variable,Sprays 1-2 - Equipment Costs,,$27.94 ,$13.97 * 2 sprays,,http://publications.dyson.cornell.edu/outreach/extensionpdf/2014/Cornell-Dyson-eb1401.pdf,,,,,,,
15,Mixed Fruits & Vegetables,Grapes (Conventional),,,,7,,,Preharvest,Equipment,Variable,Sprays 1-2 - Equipment Costs,,$27.94 ,$13.97 * 2 sprays,,http://publications.dyson.cornell.edu/outreach/extensionpdf/2014/Cornell-Dyson-eb1401.pdf,,,,,,,
15,Mixed Fruits & Vegetables,Grapes (Conventional),,,,8,,,Preharvest,Equipment,Variable,Sprays 1-2 - Equipment Costs,,$27.94 ,$13.97 * 2 sprays,,http://publications.dyson.cornell.edu/outreach/extensionpdf/2014/Cornell-Dyson-eb1401.pdf,,,,,,,
15,Mixed Fruits & Vegetables,Grapes (Conventional),,,,9,,,Preharvest,Equipment,Variable,Sprays 1-2 - Equipment Costs,,$27.94 ,$13.97 * 2 sprays,,http://publications.dyson.cornell.edu/outreach/extensionpdf/2014/Cornell-Dyson-eb1401.pdf,,,,,,,
15,Mixed Fruits & Vegetables,Grapes (Conventional),,,,10,,,Preharvest,Equipment,Variable,Sprays 1-2 - Equipment Costs,,$27.94 ,$13.97 * 2 sprays,,http://publications.dyson.cornell.edu/outreach/extensionpdf/2014/Cornell-Dyson-eb1401.pdf,,,,,,,
15,Mixed Fruits & Vegetables,Grapes (Conventional),,,,11,,,Preharvest,Equipment,Variable,Sprays 1-2 - Equipment Costs,,$27.94 ,$13.97 * 2 sprays,,http://publications.dyson.cornell.edu/outreach/extensionpdf/2014/Cornell-Dyson-eb1401.pdf,,,,,,,
15,Mixed Fruits & Vegetables,Grapes (Conventional),,,,12,,,Preharvest,Equipment,Variable,Sprays 1-2 - Equipment Costs,,$27.94 ,$13.97 * 2 sprays,,http://publications.dyson.cornell.edu/outreach/extensionpdf/2014/Cornell-Dyson-eb1401.pdf,,,,,,,
15,Mixed Fruits & Vegetables,Grapes (Conventional),,,,13,,,Preharvest,Equipment,Variable,Sprays 1-2 - Equipment Costs,,$27.94 ,$13.97 * 2 sprays,,http://publications.dyson.cornell.edu/outreach/extensionpdf/2014/Cornell-Dyson-eb1401.pdf,,,,,,,
15,Mixed Fruits & Vegetables,Grapes (Conventional),,,,14,,,Preharvest,Equipment,Variable,Sprays 1-2 - Equipment Costs,,$27.94 ,$13.97 * 2 sprays,,http://publications.dyson.cornell.edu/outreach/extensionpdf/2014/Cornell-Dyson-eb1401.pdf,,,,,,,
15,Mixed Fruits & Vegetables,Grapes (Conventional),,,,15,,,Preharvest,Equipment,Variable,Sprays 1-2 - Equipment Costs,,$27.94 ,$13.97 * 2 sprays,,http://publications.dyson.cornell.edu/outreach/extensionpdf/2014/Cornell-Dyson-eb1401.pdf,,,,,,,
15,Mixed Fruits & Vegetables,Grapes (Conventional),,,,16,,,Preharvest,Equipment,Variable,Sprays 1-2 - Equipment Costs,,$27.94 ,$13.97 * 2 sprays,,http://publications.dyson.cornell.edu/outreach/extensionpdf/2014/Cornell-Dyson-eb1401.pdf,,,,,,,
15,Mixed Fruits & Vegetables,Grapes (Conventional),,,,17,,,Preharvest,Equipment,Variable,Sprays 1-2 - Equipment Costs,,$27.94 ,$13.97 * 2 sprays,,http://publications.dyson.cornell.edu/outreach/extensionpdf/2014/Cornell-Dyson-eb1401.pdf,,,,,,,
15,Mixed Fruits & Vegetables,Grapes (Conventional),,,,18,,,Preharvest,Equipment,Variable,Sprays 1-2 - Equipment Costs,,$27.94 ,$13.97 * 2 sprays,,http://publications.dyson.cornell.edu/outreach/extensionpdf/2014/Cornell-Dyson-eb1401.pdf,,,,,,,
15,Mixed Fruits & Vegetables,Grapes (Conventional),,,,19,,,Preharvest,Equipment,Variable,Sprays 1-2 - Equipment Costs,,$27.94 ,$13.97 * 2 sprays,,http://publications.dyson.cornell.edu/outreach/extensionpdf/2014/Cornell-Dyson-eb1401.pdf,,,,,,,
15,Mixed Fruits & Vegetables,Grapes (Conventional),,,,20,,,Preharvest,Equipment,Variable,Sprays 1-2 - Equipment Costs,,$27.94 ,$13.97 * 2 sprays,,http://publications.dyson.cornell.edu/outreach/extensionpdf/2014/Cornell-Dyson-eb1401.pdf,,,,,,,
15,Mixed Fruits & Vegetables,Grapes (Conventional),,,,21,,,Preharvest,Equipment,Variable,Sprays 1-2 - Equipment Costs,,$27.94 ,$13.97 * 2 sprays,,http://publications.dyson.cornell.edu/outreach/extensionpdf/2014/Cornell-Dyson-eb1401.pdf,,,,,,,
15,Mixed Fruits & Vegetables,Grapes (Conventional),,,,22,,,Preharvest,Equipment,Variable,Sprays 1-2 - Equipment Costs,,$27.94 ,$13.97 * 2 sprays,,http://publications.dyson.cornell.edu/outreach/extensionpdf/2014/Cornell-Dyson-eb1401.pdf,,,,,,,
15,Mixed Fruits & Vegetables,Grapes (Conventional),,,,4,,,Preharvest,Input,Variable,Spray 3 - Mancozeb 75DF,,$12.15 ,Mancozeb 75DF 3 lbs/acre * $4.05/lb * 1 spray,,http://publications.dyson.cornell.edu/outreach/extensionpdf/2014/Cornell-Dyson-eb1401.pdf,,,,,,,
15,Mixed Fruits & Vegetables,Grapes (Conventional),,,,5,,,Preharvest,Input,Variable,Spray 3 - Mancozeb 75DF,,$12.15 ,Mancozeb 75DF 3 lbs/acre * $4.05/lb * 1 spray,,http://publications.dyson.cornell.edu/outreach/extensionpdf/2014/Cornell-Dyson-eb1401.pdf,,,,,,,
15,Mixed Fruits & Vegetables,Grapes (Conventional),,,,6,,,Preharvest,Input,Variable,Spray 3 - Mancozeb 75DF,,$12.15 ,Mancozeb 75DF 3 lbs/acre * $4.05/lb * 1 spray,,http://publications.dyson.cornell.edu/outreach/extensionpdf/2014/Cornell-Dyson-eb1401.pdf,,,,,,,
15,Mixed Fruits & Vegetables,Grapes (Conventional),,,,7,,,Preharvest,Input,Variable,Spray 3 - Mancozeb 75DF,,$12.15 ,Mancozeb 75DF 3 lbs/acre * $4.05/lb * 1 spray,,http://publications.dyson.cornell.edu/outreach/extensionpdf/2014/Cornell-Dyson-eb1401.pdf,,,,,,,
15,Mixed Fruits & Vegetables,Grapes (Conventional),,,,8,,,Preharvest,Input,Variable,Spray 3 - Mancozeb 75DF,,$12.15 ,Mancozeb 75DF 3 lbs/acre * $4.05/lb * 1 spray,,http://publications.dyson.cornell.edu/outreach/extensionpdf/2014/Cornell-Dyson-eb1401.pdf,,,,,,,
15,Mixed Fruits & Vegetables,Grapes (Conventional),,,,9,,,Preharvest,Input,Variable,Spray 3 - Mancozeb 75DF,,$12.15 ,Mancozeb 75DF 3 lbs/acre * $4.05/lb * 1 spray,,http://publications.dyson.cornell.edu/outreach/extensionpdf/2014/Cornell-Dyson-eb1401.pdf,,,,,,,
15,Mixed Fruits & Vegetables,Grapes (Conventional),,,,10,,,Preharvest,Input,Variable,Spray 3 - Mancozeb 75DF,,$12.15 ,Mancozeb 75DF 3 lbs/acre * $4.05/lb * 1 spray,,http://publications.dyson.cornell.edu/outreach/extensionpdf/2014/Cornell-Dyson-eb1401.pdf,,,,,,,
15,Mixed Fruits & Vegetables,Grapes (Conventional),,,,11,,,Preharvest,Input,Variable,Spray 3 - Mancozeb 75DF,,$12.15 ,Mancozeb 75DF 3 lbs/acre * $4.05/lb * 1 spray,,http://publications.dyson.cornell.edu/outreach/extensionpdf/2014/Cornell-Dyson-eb1401.pdf,,,,,,,
15,Mixed Fruits & Vegetables,Grapes (Conventional),,,,12,,,Preharvest,Input,Variable,Spray 3 - Mancozeb 75DF,,$12.15 ,Mancozeb 75DF 3 lbs/acre * $4.05/lb * 1 spray,,http://publications.dyson.cornell.edu/outreach/extensionpdf/2014/Cornell-Dyson-eb1401.pdf,,,,,,,
15,Mixed Fruits & Vegetables,Grapes (Conventional),,,,13,,,Preharvest,Input,Variable,Spray 3 - Mancozeb 75DF,,$12.15 ,Mancozeb 75DF 3 lbs/acre * $4.05/lb * 1 spray,,http://publications.dyson.cornell.edu/outreach/extensionpdf/2014/Cornell-Dyson-eb1401.pdf,,,,,,,
15,Mixed Fruits & Vegetables,Grapes (Conventional),,,,14,,,Preharvest,Input,Variable,Spray 3 - Mancozeb 75DF,,$12.15 ,Mancozeb 75DF 3 lbs/acre * $4.05/lb * 1 spray,,http://publications.dyson.cornell.edu/outreach/extensionpdf/2014/Cornell-Dyson-eb1401.pdf,,,,,,,
15,Mixed Fruits & Vegetables,Grapes (Conventional),,,,15,,,Preharvest,Input,Variable,Spray 3 - Mancozeb 75DF,,$12.15 ,Mancozeb 75DF 3 lbs/acre * $4.05/lb * 1 spray,,http://publications.dyson.cornell.edu/outreach/extensionpdf/2014/Cornell-Dyson-eb1401.pdf,,,,,,,
15,Mixed Fruits & Vegetables,Grapes (Conventional),,,,16,,,Preharvest,Input,Variable,Spray 3 - Mancozeb 75DF,,$12.15 ,Mancozeb 75DF 3 lbs/acre * $4.05/lb * 1 spray,,http://publications.dyson.cornell.edu/outreach/extensionpdf/2014/Cornell-Dyson-eb1401.pdf,,,,,,,
15,Mixed Fruits & Vegetables,Grapes (Conventional),,,,17,,,Preharvest,Input,Variable,Spray 3 - Mancozeb 75DF,,$12.15 ,Mancozeb 75DF 3 lbs/acre * $4.05/lb * 1 spray,,http://publications.dyson.cornell.edu/outreach/extensionpdf/2014/Cornell-Dyson-eb1401.pdf,,,,,,,
15,Mixed Fruits & Vegetables,Grapes (Conventional),,,,18,,,Preharvest,Input,Variable,Spray 3 - Mancozeb 75DF,,$12.15 ,Mancozeb 75DF 3 lbs/acre * $4.05/lb * 1 spray,,http://publications.dyson.cornell.edu/outreach/extensionpdf/2014/Cornell-Dyson-eb1401.pdf,,,,,,,
15,Mixed Fruits & Vegetables,Grapes (Conventional),,,,19,,,Preharvest,Input,Variable,Spray 3 - Mancozeb 75DF,,$12.15 ,Mancozeb 75DF 3 lbs/acre * $4.05/lb * 1 spray,,http://publications.dyson.cornell.edu/outreach/extensionpdf/2014/Cornell-Dyson-eb1401.pdf,,,,,,,
15,Mixed Fruits & Vegetables,Grapes (Conventional),,,,20,,,Preharvest,Input,Variable,Spray 3 - Mancozeb 75DF,,$12.15 ,Mancozeb 75DF 3 lbs/acre * $4.05/lb * 1 spray,,http://publications.dyson.cornell.edu/outreach/extensionpdf/2014/Cornell-Dyson-eb1401.pdf,,,,,,,
15,Mixed Fruits & Vegetables,Grapes (Conventional),,,,21,,,Preharvest,Input,Variable,Spray 3 - Mancozeb 75DF,,$12.15 ,Mancozeb 75DF 3 lbs/acre * $4.05/lb * 1 spray,,http://publications.dyson.cornell.edu/outreach/extensionpdf/2014/Cornell-Dyson-eb1401.pdf,,,,,,,
15,Mixed Fruits & Vegetables,Grapes (Conventional),,,,22,,,Preharvest,Input,Variable,Spray 3 - Mancozeb 75DF,,$12.15 ,Mancozeb 75DF 3 lbs/acre * $4.05/lb * 1 spray,,http://publications.dyson.cornell.edu/outreach/extensionpdf/2014/Cornell-Dyson-eb1401.pdf,,,,,,,
15,Mixed Fruits & Vegetables,Grapes (Conventional),,,,4,,,Preharvest,Input,Variable,Spray 3 - Sulfur,,$2.50 ,Sulfur 5 lbs/acre * $0.50/lb * 1 spray,,http://publications.dyson.cornell.edu/outreach/extensionpdf/2014/Cornell-Dyson-eb1401.pdf,,,,,,,
15,Mixed Fruits & Vegetables,Grapes (Conventional),,,,5,,,Preharvest,Input,Variable,Spray 3 - Sulfur,,$2.50 ,Sulfur 5 lbs/acre * $0.50/lb * 1 spray,,http://publications.dyson.cornell.edu/outreach/extensionpdf/2014/Cornell-Dyson-eb1401.pdf,,,,,,,
15,Mixed Fruits & Vegetables,Grapes (Conventional),,,,6,,,Preharvest,Input,Variable,Spray 3 - Sulfur,,$2.50 ,Sulfur 5 lbs/acre * $0.50/lb * 1 spray,,http://publications.dyson.cornell.edu/outreach/extensionpdf/2014/Cornell-Dyson-eb1401.pdf,,,,,,,
15,Mixed Fruits & Vegetables,Grapes (Conventional),,,,7,,,Preharvest,Input,Variable,Spray 3 - Sulfur,,$2.50 ,Sulfur 5 lbs/acre * $0.50/lb * 1 spray,,http://publications.dyson.cornell.edu/outreach/extensionpdf/2014/Cornell-Dyson-eb1401.pdf,,,,,,,
15,Mixed Fruits & Vegetables,Grapes (Conventional),,,,8,,,Preharvest,Input,Variable,Spray 3 - Sulfur,,$2.50 ,Sulfur 5 lbs/acre * $0.50/lb * 1 spray,,http://publications.dyson.cornell.edu/outreach/extensionpdf/2014/Cornell-Dyson-eb1401.pdf,,,,,,,
15,Mixed Fruits & Vegetables,Grapes (Conventional),,,,9,,,Preharvest,Input,Variable,Spray 3 - Sulfur,,$2.50 ,Sulfur 5 lbs/acre * $0.50/lb * 1 spray,,http://publications.dyson.cornell.edu/outreach/extensionpdf/2014/Cornell-Dyson-eb1401.pdf,,,,,,,
15,Mixed Fruits & Vegetables,Grapes (Conventional),,,,10,,,Preharvest,Input,Variable,Spray 3 - Sulfur,,$2.50 ,Sulfur 5 lbs/acre * $0.50/lb * 1 spray,,http://publications.dyson.cornell.edu/outreach/extensionpdf/2014/Cornell-Dyson-eb1401.pdf,,,,,,,
15,Mixed Fruits & Vegetables,Grapes (Conventional),,,,11,,,Preharvest,Input,Variable,Spray 3 - Sulfur,,$2.50 ,Sulfur 5 lbs/acre * $0.50/lb * 1 spray,,http://publications.dyson.cornell.edu/outreach/extensionpdf/2014/Cornell-Dyson-eb1401.pdf,,,,,,,
15,Mixed Fruits & Vegetables,Grapes (Conventional),,,,12,,,Preharvest,Input,Variable,Spray 3 - Sulfur,,$2.50 ,Sulfur 5 lbs/acre * $0.50/lb * 1 spray,,http://publications.dyson.cornell.edu/outreach/extensionpdf/2014/Cornell-Dyson-eb1401.pdf,,,,,,,
15,Mixed Fruits & Vegetables,Grapes (Conventional),,,,13,,,Preharvest,Input,Variable,Spray 3 - Sulfur,,$2.50 ,Sulfur 5 lbs/acre * $0.50/lb * 1 spray,,http://publications.dyson.cornell.edu/outreach/extensionpdf/2014/Cornell-Dyson-eb1401.pdf,,,,,,,
15,Mixed Fruits & Vegetables,Grapes (Conventional),,,,14,,,Preharvest,Input,Variable,Spray 3 - Sulfur,,$2.50 ,Sulfur 5 lbs/acre * $0.50/lb * 1 spray,,http://publications.dyson.cornell.edu/outreach/extensionpdf/2014/Cornell-Dyson-eb1401.pdf,,,,,,,
15,Mixed Fruits & Vegetables,Grapes (Conventional),,,,15,,,Preharvest,Input,Variable,Spray 3 - Sulfur,,$2.50 ,Sulfur 5 lbs/acre * $0.50/lb * 1 spray,,http://publications.dyson.cornell.edu/outreach/extensionpdf/2014/Cornell-Dyson-eb1401.pdf,,,,,,,
15,Mixed Fruits & Vegetables,Grapes (Conventional),,,,16,,,Preharvest,Input,Variable,Spray 3 - Sulfur,,$2.50 ,Sulfur 5 lbs/acre * $0.50/lb * 1 spray,,http://publications.dyson.cornell.edu/outreach/extensionpdf/2014/Cornell-Dyson-eb1401.pdf,,,,,,,
15,Mixed Fruits & Vegetables,Grapes (Conventional),,,,17,,,Preharvest,Input,Variable,Spray 3 - Sulfur,,$2.50 ,Sulfur 5 lbs/acre * $0.50/lb * 1 spray,,http://publications.dyson.cornell.edu/outreach/extensionpdf/2014/Cornell-Dyson-eb1401.pdf,,,,,,,
15,Mixed Fruits & Vegetables,Grapes (Conventional),,,,18,,,Preharvest,Input,Variable,Spray 3 - Sulfur,,$2.50 ,Sulfur 5 lbs/acre * $0.50/lb * 1 spray,,http://publications.dyson.cornell.edu/outreach/extensionpdf/2014/Cornell-Dyson-eb1401.pdf,,,,,,,
15,Mixed Fruits & Vegetables,Grapes (Conventional),,,,19,,,Preharvest,Input,Variable,Spray 3 - Sulfur,,$2.50 ,Sulfur 5 lbs/acre * $0.50/lb * 1 spray,,http://publications.dyson.cornell.edu/outreach/extensionpdf/2014/Cornell-Dyson-eb1401.pdf,,,,,,,
15,Mixed Fruits & Vegetables,Grapes (Conventional),,,,20,,,Preharvest,Input,Variable,Spray 3 - Sulfur,,$2.50 ,Sulfur 5 lbs/acre * $0.50/lb * 1 spray,,http://publications.dyson.cornell.edu/outreach/extensionpdf/2014/Cornell-Dyson-eb1401.pdf,,,,,,,
15,Mixed Fruits & Vegetables,Grapes (Conventional),,,,21,,,Preharvest,Input,Variable,Spray 3 - Sulfur,,$2.50 ,Sulfur 5 lbs/acre * $0.50/lb * 1 spray,,http://publications.dyson.cornell.edu/outreach/extensionpdf/2014/Cornell-Dyson-eb1401.pdf,,,,,,,
15,Mixed Fruits & Vegetables,Grapes (Conventional),,,,22,,,Preharvest,Input,Variable,Spray 3 - Sulfur,,$2.50 ,Sulfur 5 lbs/acre * $0.50/lb * 1 spray,,http://publications.dyson.cornell.edu/outreach/extensionpdf/2014/Cornell-Dyson-eb1401.pdf,,,,,,,
15,Mixed Fruits & Vegetables,Grapes (Conventional),,,,4,,,Preharvest,Input,Variable,Spray 3 - Spreader,,$0.63 ,Spreader 4 oz./acre * $20/gal * 1 spray,,http://publications.dyson.cornell.edu/outreach/extensionpdf/2014/Cornell-Dyson-eb1401.pdf,,,,,,,
15,Mixed Fruits & Vegetables,Grapes (Conventional),,,,5,,,Preharvest,Input,Variable,Spray 3 - Spreader,,$0.63 ,Spreader 4 oz./acre * $20/gal * 1 spray,,http://publications.dyson.cornell.edu/outreach/extensionpdf/2014/Cornell-Dyson-eb1401.pdf,,,,,,,
15,Mixed Fruits & Vegetables,Grapes (Conventional),,,,6,,,Preharvest,Input,Variable,Spray 3 - Spreader,,$0.63 ,Spreader 4 oz./acre * $20/gal * 1 spray,,http://publications.dyson.cornell.edu/outreach/extensionpdf/2014/Cornell-Dyson-eb1401.pdf,,,,,,,
15,Mixed Fruits & Vegetables,Grapes (Conventional),,,,7,,,Preharvest,Input,Variable,Spray 3 - Spreader,,$0.63 ,Spreader 4 oz./acre * $20/gal * 1 spray,,http://publications.dyson.cornell.edu/outreach/extensionpdf/2014/Cornell-Dyson-eb1401.pdf,,,,,,,
15,Mixed Fruits & Vegetables,Grapes (Conventional),,,,8,,,Preharvest,Input,Variable,Spray 3 - Spreader,,$0.63 ,Spreader 4 oz./acre * $20/gal * 1 spray,,http://publications.dyson.cornell.edu/outreach/extensionpdf/2014/Cornell-Dyson-eb1401.pdf,,,,,,,
15,Mixed Fruits & Vegetables,Grapes (Conventional),,,,9,,,Preharvest,Input,Variable,Spray 3 - Spreader,,$0.63 ,Spreader 4 oz./acre * $20/gal * 1 spray,,http://publications.dyson.cornell.edu/outreach/extensionpdf/2014/Cornell-Dyson-eb1401.pdf,,,,,,,
15,Mixed Fruits & Vegetables,Grapes (Conventional),,,,10,,,Preharvest,Input,Variable,Spray 3 - Spreader,,$0.63 ,Spreader 4 oz./acre * $20/gal * 1 spray,,http://publications.dyson.cornell.edu/outreach/extensionpdf/2014/Cornell-Dyson-eb1401.pdf,,,,,,,
15,Mixed Fruits & Vegetables,Grapes (Conventional),,,,11,,,Preharvest,Input,Variable,Spray 3 - Spreader,,$0.63 ,Spreader 4 oz./acre * $20/gal * 1 spray,,http://publications.dyson.cornell.edu/outreach/extensionpdf/2014/Cornell-Dyson-eb1401.pdf,,,,,,,
15,Mixed Fruits & Vegetables,Grapes (Conventional),,,,12,,,Preharvest,Input,Variable,Spray 3 - Spreader,,$0.63 ,Spreader 4 oz./acre * $20/gal * 1 spray,,http://publications.dyson.cornell.edu/outreach/extensionpdf/2014/Cornell-Dyson-eb1401.pdf,,,,,,,
15,Mixed Fruits & Vegetables,Grapes (Conventional),,,,13,,,Preharvest,Input,Variable,Spray 3 - Spreader,,$0.63 ,Spreader 4 oz./acre * $20/gal * 1 spray,,http://publications.dyson.cornell.edu/outreach/extensionpdf/2014/Cornell-Dyson-eb1401.pdf,,,,,,,
15,Mixed Fruits & Vegetables,Grapes (Conventional),,,,14,,,Preharvest,Input,Variable,Spray 3 - Spreader,,$0.63 ,Spreader 4 oz./acre * $20/gal * 1 spray,,http://publications.dyson.cornell.edu/outreach/extensionpdf/2014/Cornell-Dyson-eb1401.pdf,,,,,,,
15,Mixed Fruits & Vegetables,Grapes (Conventional),,,,15,,,Preharvest,Input,Variable,Spray 3 - Spreader,,$0.63 ,Spreader 4 oz./acre * $20/gal * 1 spray,,http://publications.dyson.cornell.edu/outreach/extensionpdf/2014/Cornell-Dyson-eb1401.pdf,,,,,,,
15,Mixed Fruits & Vegetables,Grapes (Conventional),,,,16,,,Preharvest,Input,Variable,Spray 3 - Spreader,,$0.63 ,Spreader 4 oz./acre * $20/gal * 1 spray,,http://publications.dyson.cornell.edu/outreach/extensionpdf/2014/Cornell-Dyson-eb1401.pdf,,,,,,,
15,Mixed Fruits & Vegetables,Grapes (Conventional),,,,17,,,Preharvest,Input,Variable,Spray 3 - Spreader,,$0.63 ,Spreader 4 oz./acre * $20/gal * 1 spray,,http://publications.dyson.cornell.edu/outreach/extensionpdf/2014/Cornell-Dyson-eb1401.pdf,,,,,,,
15,Mixed Fruits & Vegetables,Grapes (Conventional),,,,18,,,Preharvest,Input,Variable,Spray 3 - Spreader,,$0.63 ,Spreader 4 oz./acre * $20/gal * 1 spray,,http://publications.dyson.cornell.edu/outreach/extensionpdf/2014/Cornell-Dyson-eb1401.pdf,,,,,,,
15,Mixed Fruits & Vegetables,Grapes (Conventional),,,,19,,,Preharvest,Input,Variable,Spray 3 - Spreader,,$0.63 ,Spreader 4 oz./acre * $20/gal * 1 spray,,http://publications.dyson.cornell.edu/outreach/extensionpdf/2014/Cornell-Dyson-eb1401.pdf,,,,,,,
15,Mixed Fruits & Vegetables,Grapes (Conventional),,,,20,,,Preharvest,Input,Variable,Spray 3 - Spreader,,$0.63 ,Spreader 4 oz./acre * $20/gal * 1 spray,,http://publications.dyson.cornell.edu/outreach/extensionpdf/2014/Cornell-Dyson-eb1401.pdf,,,,,,,
15,Mixed Fruits & Vegetables,Grapes (Conventional),,,,21,,,Preharvest,Input,Variable,Spray 3 - Spreader,,$0.63 ,Spreader 4 oz./acre * $20/gal * 1 spray,,http://publications.dyson.cornell.edu/outreach/extensionpdf/2014/Cornell-Dyson-eb1401.pdf,,,,,,,
15,Mixed Fruits & Vegetables,Grapes (Conventional),,,,22,,,Preharvest,Input,Variable,Spray 3 - Spreader,,$0.63 ,Spreader 4 oz./acre * $20/gal * 1 spray,,http://publications.dyson.cornell.edu/outreach/extensionpdf/2014/Cornell-Dyson-eb1401.pdf,,,,,,,
15,Mixed Fruits & Vegetables,Grapes (Conventional),,,,4,,,Preharvest,Labor,Variable,Spray 3 - Skilled Labor Costs,0.6,$12.00 ,0.6 hours * $20/hour * 1 spray,,http://publications.dyson.cornell.edu/outreach/extensionpdf/2014/Cornell-Dyson-eb1401.pdf,,,,,,,
15,Mixed Fruits & Vegetables,Grapes (Conventional),,,,5,,,Preharvest,Labor,Variable,Spray 3 - Skilled Labor Costs,0.6,$12.00 ,0.6 hours * $20/hour * 1 spray,,http://publications.dyson.cornell.edu/outreach/extensionpdf/2014/Cornell-Dyson-eb1401.pdf,,,,,,,
15,Mixed Fruits & Vegetables,Grapes (Conventional),,,,6,,,Preharvest,Labor,Variable,Spray 3 - Skilled Labor Costs,0.6,$12.00 ,0.6 hours * $20/hour * 1 spray,,http://publications.dyson.cornell.edu/outreach/extensionpdf/2014/Cornell-Dyson-eb1401.pdf,,,,,,,
15,Mixed Fruits & Vegetables,Grapes (Conventional),,,,7,,,Preharvest,Labor,Variable,Spray 3 - Skilled Labor Costs,0.6,$12.00 ,0.6 hours * $20/hour * 1 spray,,http://publications.dyson.cornell.edu/outreach/extensionpdf/2014/Cornell-Dyson-eb1401.pdf,,,,,,,
15,Mixed Fruits & Vegetables,Grapes (Conventional),,,,8,,,Preharvest,Labor,Variable,Spray 3 - Skilled Labor Costs,0.6,$12.00 ,0.6 hours * $20/hour * 1 spray,,http://publications.dyson.cornell.edu/outreach/extensionpdf/2014/Cornell-Dyson-eb1401.pdf,,,,,,,
15,Mixed Fruits & Vegetables,Grapes (Conventional),,,,9,,,Preharvest,Labor,Variable,Spray 3 - Skilled Labor Costs,0.6,$12.00 ,0.6 hours * $20/hour * 1 spray,,http://publications.dyson.cornell.edu/outreach/extensionpdf/2014/Cornell-Dyson-eb1401.pdf,,,,,,,
15,Mixed Fruits & Vegetables,Grapes (Conventional),,,,10,,,Preharvest,Labor,Variable,Spray 3 - Skilled Labor Costs,0.6,$12.00 ,0.6 hours * $20/hour * 1 spray,,http://publications.dyson.cornell.edu/outreach/extensionpdf/2014/Cornell-Dyson-eb1401.pdf,,,,,,,
15,Mixed Fruits & Vegetables,Grapes (Conventional),,,,11,,,Preharvest,Labor,Variable,Spray 3 - Skilled Labor Costs,0.6,$12.00 ,0.6 hours * $20/hour * 1 spray,,http://publications.dyson.cornell.edu/outreach/extensionpdf/2014/Cornell-Dyson-eb1401.pdf,,,,,,,
15,Mixed Fruits & Vegetables,Grapes (Conventional),,,,12,,,Preharvest,Labor,Variable,Spray 3 - Skilled Labor Costs,0.6,$12.00 ,0.6 hours * $20/hour * 1 spray,,http://publications.dyson.cornell.edu/outreach/extensionpdf/2014/Cornell-Dyson-eb1401.pdf,,,,,,,
15,Mixed Fruits & Vegetables,Grapes (Conventional),,,,13,,,Preharvest,Labor,Variable,Spray 3 - Skilled Labor Costs,0.6,$12.00 ,0.6 hours * $20/hour * 1 spray,,http://publications.dyson.cornell.edu/outreach/extensionpdf/2014/Cornell-Dyson-eb1401.pdf,,,,,,,
15,Mixed Fruits & Vegetables,Grapes (Conventional),,,,14,,,Preharvest,Labor,Variable,Spray 3 - Skilled Labor Costs,0.6,$12.00 ,0.6 hours * $20/hour * 1 spray,,http://publications.dyson.cornell.edu/outreach/extensionpdf/2014/Cornell-Dyson-eb1401.pdf,,,,,,,
15,Mixed Fruits & Vegetables,Grapes (Conventional),,,,15,,,Preharvest,Labor,Variable,Spray 3 - Skilled Labor Costs,0.6,$12.00 ,0.6 hours * $20/hour * 1 spray,,http://publications.dyson.cornell.edu/outreach/extensionpdf/2014/Cornell-Dyson-eb1401.pdf,,,,,,,
15,Mixed Fruits & Vegetables,Grapes (Conventional),,,,16,,,Preharvest,Labor,Variable,Spray 3 - Skilled Labor Costs,0.6,$12.00 ,0.6 hours * $20/hour * 1 spray,,http://publications.dyson.cornell.edu/outreach/extensionpdf/2014/Cornell-Dyson-eb1401.pdf,,,,,,,
15,Mixed Fruits & Vegetables,Grapes (Conventional),,,,17,,,Preharvest,Labor,Variable,Spray 3 - Skilled Labor Costs,0.6,$12.00 ,0.6 hours * $20/hour * 1 spray,,http://publications.dyson.cornell.edu/outreach/extensionpdf/2014/Cornell-Dyson-eb1401.pdf,,,,,,,
15,Mixed Fruits & Vegetables,Grapes (Conventional),,,,18,,,Preharvest,Labor,Variable,Spray 3 - Skilled Labor Costs,0.6,$12.00 ,0.6 hours * $20/hour * 1 spray,,http://publications.dyson.cornell.edu/outreach/extensionpdf/2014/Cornell-Dyson-eb1401.pdf,,,,,,,
15,Mixed Fruits & Vegetables,Grapes (Conventional),,,,19,,,Preharvest,Labor,Variable,Spray 3 - Skilled Labor Costs,0.6,$12.00 ,0.6 hours * $20/hour * 1 spray,,http://publications.dyson.cornell.edu/outreach/extensionpdf/2014/Cornell-Dyson-eb1401.pdf,,,,,,,
15,Mixed Fruits & Vegetables,Grapes (Conventional),,,,20,,,Preharvest,Labor,Variable,Spray 3 - Skilled Labor Costs,0.6,$12.00 ,0.6 hours * $20/hour * 1 spray,,http://publications.dyson.cornell.edu/outreach/extensionpdf/2014/Cornell-Dyson-eb1401.pdf,,,,,,,
15,Mixed Fruits & Vegetables,Grapes (Conventional),,,,21,,,Preharvest,Labor,Variable,Spray 3 - Skilled Labor Costs,0.6,$12.00 ,0.6 hours * $20/hour * 1 spray,,http://publications.dyson.cornell.edu/outreach/extensionpdf/2014/Cornell-Dyson-eb1401.pdf,,,,,,,
15,Mixed Fruits & Vegetables,Grapes (Conventional),,,,22,,,Preharvest,Labor,Variable,Spray 3 - Skilled Labor Costs,0.6,$12.00 ,0.6 hours * $20/hour * 1 spray,,http://publications.dyson.cornell.edu/outreach/extensionpdf/2014/Cornell-Dyson-eb1401.pdf,,,,,,,
15,Mixed Fruits & Vegetables,Grapes (Conventional),,,,4,,,Preharvest,Equipment,Variable,Spray 3 - Equipment Costs,,$13.97 ,$13.97 * 1 spray ,,http://publications.dyson.cornell.edu/outreach/extensionpdf/2014/Cornell-Dyson-eb1401.pdf,,,,,,,
15,Mixed Fruits & Vegetables,Grapes (Conventional),,,,5,,,Preharvest,Equipment,Variable,Spray 3 - Equipment Costs,,$13.97 ,$13.97 * 1 spray ,,http://publications.dyson.cornell.edu/outreach/extensionpdf/2014/Cornell-Dyson-eb1401.pdf,,,,,,,
15,Mixed Fruits & Vegetables,Grapes (Conventional),,,,6,,,Preharvest,Equipment,Variable,Spray 3 - Equipment Costs,,$13.97 ,$13.97 * 1 spray ,,http://publications.dyson.cornell.edu/outreach/extensionpdf/2014/Cornell-Dyson-eb1401.pdf,,,,,,,
15,Mixed Fruits & Vegetables,Grapes (Conventional),,,,7,,,Preharvest,Equipment,Variable,Spray 3 - Equipment Costs,,$13.97 ,$13.97 * 1 spray ,,http://publications.dyson.cornell.edu/outreach/extensionpdf/2014/Cornell-Dyson-eb1401.pdf,,,,,,,
15,Mixed Fruits & Vegetables,Grapes (Conventional),,,,8,,,Preharvest,Equipment,Variable,Spray 3 - Equipment Costs,,$13.97 ,$13.97 * 1 spray ,,http://publications.dyson.cornell.edu/outreach/extensionpdf/2014/Cornell-Dyson-eb1401.pdf,,,,,,,
15,Mixed Fruits & Vegetables,Grapes (Conventional),,,,9,,,Preharvest,Equipment,Variable,Spray 3 - Equipment Costs,,$13.97 ,$13.97 * 1 spray ,,http://publications.dyson.cornell.edu/outreach/extensionpdf/2014/Cornell-Dyson-eb1401.pdf,,,,,,,
15,Mixed Fruits & Vegetables,Grapes (Conventional),,,,10,,,Preharvest,Equipment,Variable,Spray 3 - Equipment Costs,,$13.97 ,$13.97 * 1 spray ,,http://publications.dyson.cornell.edu/outreach/extensionpdf/2014/Cornell-Dyson-eb1401.pdf,,,,,,,
15,Mixed Fruits & Vegetables,Grapes (Conventional),,,,11,,,Preharvest,Equipment,Variable,Spray 3 - Equipment Costs,,$13.97 ,$13.97 * 1 spray ,,http://publications.dyson.cornell.edu/outreach/extensionpdf/2014/Cornell-Dyson-eb1401.pdf,,,,,,,
15,Mixed Fruits & Vegetables,Grapes (Conventional),,,,12,,,Preharvest,Equipment,Variable,Spray 3 - Equipment Costs,,$13.97 ,$13.97 * 1 spray ,,http://publications.dyson.cornell.edu/outreach/extensionpdf/2014/Cornell-Dyson-eb1401.pdf,,,,,,,
15,Mixed Fruits & Vegetables,Grapes (Conventional),,,,13,,,Preharvest,Equipment,Variable,Spray 3 - Equipment Costs,,$13.97 ,$13.97 * 1 spray ,,http://publications.dyson.cornell.edu/outreach/extensionpdf/2014/Cornell-Dyson-eb1401.pdf,,,,,,,
15,Mixed Fruits & Vegetables,Grapes (Conventional),,,,14,,,Preharvest,Equipment,Variable,Spray 3 - Equipment Costs,,$13.97 ,$13.97 * 1 spray ,,http://publications.dyson.cornell.edu/outreach/extensionpdf/2014/Cornell-Dyson-eb1401.pdf,,,,,,,
15,Mixed Fruits & Vegetables,Grapes (Conventional),,,,15,,,Preharvest,Equipment,Variable,Spray 3 - Equipment Costs,,$13.97 ,$13.97 * 1 spray ,,http://publications.dyson.cornell.edu/outreach/extensionpdf/2014/Cornell-Dyson-eb1401.pdf,,,,,,,
15,Mixed Fruits & Vegetables,Grapes (Conventional),,,,16,,,Preharvest,Equipment,Variable,Spray 3 - Equipment Costs,,$13.97 ,$13.97 * 1 spray ,,http://publications.dyson.cornell.edu/outreach/extensionpdf/2014/Cornell-Dyson-eb1401.pdf,,,,,,,
15,Mixed Fruits & Vegetables,Grapes (Conventional),,,,17,,,Preharvest,Equipment,Variable,Spray 3 - Equipment Costs,,$13.97 ,$13.97 * 1 spray ,,http://publications.dyson.cornell.edu/outreach/extensionpdf/2014/Cornell-Dyson-eb1401.pdf,,,,,,,
15,Mixed Fruits & Vegetables,Grapes (Conventional),,,,18,,,Preharvest,Equipment,Variable,Spray 3 - Equipment Costs,,$13.97 ,$13.97 * 1 spray ,,http://publications.dyson.cornell.edu/outreach/extensionpdf/2014/Cornell-Dyson-eb1401.pdf,,,,,,,
15,Mixed Fruits & Vegetables,Grapes (Conventional),,,,19,,,Preharvest,Equipment,Variable,Spray 3 - Equipment Costs,,$13.97 ,$13.97 * 1 spray ,,http://publications.dyson.cornell.edu/outreach/extensionpdf/2014/Cornell-Dyson-eb1401.pdf,,,,,,,
15,Mixed Fruits & Vegetables,Grapes (Conventional),,,,20,,,Preharvest,Equipment,Variable,Spray 3 - Equipment Costs,,$13.97 ,$13.97 * 1 spray ,,http://publications.dyson.cornell.edu/outreach/extensionpdf/2014/Cornell-Dyson-eb1401.pdf,,,,,,,
15,Mixed Fruits & Vegetables,Grapes (Conventional),,,,21,,,Preharvest,Equipment,Variable,Spray 3 - Equipment Costs,,$13.97 ,$13.97 * 1 spray ,,http://publications.dyson.cornell.edu/outreach/extensionpdf/2014/Cornell-Dyson-eb1401.pdf,,,,,,,
15,Mixed Fruits & Vegetables,Grapes (Conventional),,,,22,,,Preharvest,Equipment,Variable,Spray 3 - Equipment Costs,,$13.97 ,$13.97 * 1 spray ,,http://publications.dyson.cornell.edu/outreach/extensionpdf/2014/Cornell-Dyson-eb1401.pdf,,,,,,,
15,Mixed Fruits & Vegetables,Grapes (Conventional),,,,4,,,Preharvest,Input,Variable,Spray 4 - Revus Top,,$16.38 ,Revus Top 7 oz/acre * $2.34/oz * 1 spray,,http://publications.dyson.cornell.edu/outreach/extensionpdf/2014/Cornell-Dyson-eb1401.pdf,,,,,,,
15,Mixed Fruits & Vegetables,Grapes (Conventional),,,,5,,,Preharvest,Input,Variable,Spray 4 - Revus Top,,$16.38 ,Revus Top 7 oz/acre * $2.34/oz * 1 spray,,http://publications.dyson.cornell.edu/outreach/extensionpdf/2014/Cornell-Dyson-eb1401.pdf,,,,,,,
15,Mixed Fruits & Vegetables,Grapes (Conventional),,,,6,,,Preharvest,Input,Variable,Spray 4 - Revus Top,,$16.38 ,Revus Top 7 oz/acre * $2.34/oz * 1 spray,,http://publications.dyson.cornell.edu/outreach/extensionpdf/2014/Cornell-Dyson-eb1401.pdf,,,,,,,
15,Mixed Fruits & Vegetables,Grapes (Conventional),,,,7,,,Preharvest,Input,Variable,Spray 4 - Revus Top,,$16.38 ,Revus Top 7 oz/acre * $2.34/oz * 1 spray,,http://publications.dyson.cornell.edu/outreach/extensionpdf/2014/Cornell-Dyson-eb1401.pdf,,,,,,,
15,Mixed Fruits & Vegetables,Grapes (Conventional),,,,8,,,Preharvest,Input,Variable,Spray 4 - Revus Top,,$16.38 ,Revus Top 7 oz/acre * $2.34/oz * 1 spray,,http://publications.dyson.cornell.edu/outreach/extensionpdf/2014/Cornell-Dyson-eb1401.pdf,,,,,,,
15,Mixed Fruits & Vegetables,Grapes (Conventional),,,,9,,,Preharvest,Input,Variable,Spray 4 - Revus Top,,$16.38 ,Revus Top 7 oz/acre * $2.34/oz * 1 spray,,http://publications.dyson.cornell.edu/outreach/extensionpdf/2014/Cornell-Dyson-eb1401.pdf,,,,,,,
15,Mixed Fruits & Vegetables,Grapes (Conventional),,,,10,,,Preharvest,Input,Variable,Spray 4 - Revus Top,,$16.38 ,Revus Top 7 oz/acre * $2.34/oz * 1 spray,,http://publications.dyson.cornell.edu/outreach/extensionpdf/2014/Cornell-Dyson-eb1401.pdf,,,,,,,
15,Mixed Fruits & Vegetables,Grapes (Conventional),,,,11,,,Preharvest,Input,Variable,Spray 4 - Revus Top,,$16.38 ,Revus Top 7 oz/acre * $2.34/oz * 1 spray,,http://publications.dyson.cornell.edu/outreach/extensionpdf/2014/Cornell-Dyson-eb1401.pdf,,,,,,,
15,Mixed Fruits & Vegetables,Grapes (Conventional),,,,12,,,Preharvest,Input,Variable,Spray 4 - Revus Top,,$16.38 ,Revus Top 7 oz/acre * $2.34/oz * 1 spray,,http://publications.dyson.cornell.edu/outreach/extensionpdf/2014/Cornell-Dyson-eb1401.pdf,,,,,,,
15,Mixed Fruits & Vegetables,Grapes (Conventional),,,,13,,,Preharvest,Input,Variable,Spray 4 - Revus Top,,$16.38 ,Revus Top 7 oz/acre * $2.34/oz * 1 spray,,http://publications.dyson.cornell.edu/outreach/extensionpdf/2014/Cornell-Dyson-eb1401.pdf,,,,,,,
15,Mixed Fruits & Vegetables,Grapes (Conventional),,,,14,,,Preharvest,Input,Variable,Spray 4 - Revus Top,,$16.38 ,Revus Top 7 oz/acre * $2.34/oz * 1 spray,,http://publications.dyson.cornell.edu/outreach/extensionpdf/2014/Cornell-Dyson-eb1401.pdf,,,,,,,
15,Mixed Fruits & Vegetables,Grapes (Conventional),,,,15,,,Preharvest,Input,Variable,Spray 4 - Revus Top,,$16.38 ,Revus Top 7 oz/acre * $2.34/oz * 1 spray,,http://publications.dyson.cornell.edu/outreach/extensionpdf/2014/Cornell-Dyson-eb1401.pdf,,,,,,,
15,Mixed Fruits & Vegetables,Grapes (Conventional),,,,16,,,Preharvest,Input,Variable,Spray 4 - Revus Top,,$16.38 ,Revus Top 7 oz/acre * $2.34/oz * 1 spray,,http://publications.dyson.cornell.edu/outreach/extensionpdf/2014/Cornell-Dyson-eb1401.pdf,,,,,,,
15,Mixed Fruits & Vegetables,Grapes (Conventional),,,,17,,,Preharvest,Input,Variable,Spray 4 - Revus Top,,$16.38 ,Revus Top 7 oz/acre * $2.34/oz * 1 spray,,http://publications.dyson.cornell.edu/outreach/extensionpdf/2014/Cornell-Dyson-eb1401.pdf,,,,,,,
15,Mixed Fruits & Vegetables,Grapes (Conventional),,,,18,,,Preharvest,Input,Variable,Spray 4 - Revus Top,,$16.38 ,Revus Top 7 oz/acre * $2.34/oz * 1 spray,,http://publications.dyson.cornell.edu/outreach/extensionpdf/2014/Cornell-Dyson-eb1401.pdf,,,,,,,
15,Mixed Fruits & Vegetables,Grapes (Conventional),,,,19,,,Preharvest,Input,Variable,Spray 4 - Revus Top,,$16.38 ,Revus Top 7 oz/acre * $2.34/oz * 1 spray,,http://publications.dyson.cornell.edu/outreach/extensionpdf/2014/Cornell-Dyson-eb1401.pdf,,,,,,,
15,Mixed Fruits & Vegetables,Grapes (Conventional),,,,20,,,Preharvest,Input,Variable,Spray 4 - Revus Top,,$16.38 ,Revus Top 7 oz/acre * $2.34/oz * 1 spray,,http://publications.dyson.cornell.edu/outreach/extensionpdf/2014/Cornell-Dyson-eb1401.pdf,,,,,,,
15,Mixed Fruits & Vegetables,Grapes (Conventional),,,,21,,,Preharvest,Input,Variable,Spray 4 - Revus Top,,$16.38 ,Revus Top 7 oz/acre * $2.34/oz * 1 spray,,http://publications.dyson.cornell.edu/outreach/extensionpdf/2014/Cornell-Dyson-eb1401.pdf,,,,,,,
15,Mixed Fruits & Vegetables,Grapes (Conventional),,,,22,,,Preharvest,Input,Variable,Spray 4 - Revus Top,,$16.38 ,Revus Top 7 oz/acre * $2.34/oz * 1 spray,,http://publications.dyson.cornell.edu/outreach/extensionpdf/2014/Cornell-Dyson-eb1401.pdf,,,,,,,
15,Mixed Fruits & Vegetables,Grapes (Conventional),,,,4,,,Preharvest,Input,Variable,Spray 4 - Sulfur,,$2.50 ,Sulfur 5 lbs/acre * $0.50/lb * 1 spray,,http://publications.dyson.cornell.edu/outreach/extensionpdf/2014/Cornell-Dyson-eb1401.pdf,,,,,,,
15,Mixed Fruits & Vegetables,Grapes (Conventional),,,,5,,,Preharvest,Input,Variable,Spray 4 - Sulfur,,$2.50 ,Sulfur 5 lbs/acre * $0.50/lb * 1 spray,,http://publications.dyson.cornell.edu/outreach/extensionpdf/2014/Cornell-Dyson-eb1401.pdf,,,,,,,
15,Mixed Fruits & Vegetables,Grapes (Conventional),,,,6,,,Preharvest,Input,Variable,Spray 4 - Sulfur,,$2.50 ,Sulfur 5 lbs/acre * $0.50/lb * 1 spray,,http://publications.dyson.cornell.edu/outreach/extensionpdf/2014/Cornell-Dyson-eb1401.pdf,,,,,,,
15,Mixed Fruits & Vegetables,Grapes (Conventional),,,,7,,,Preharvest,Input,Variable,Spray 4 - Sulfur,,$2.50 ,Sulfur 5 lbs/acre * $0.50/lb * 1 spray,,http://publications.dyson.cornell.edu/outreach/extensionpdf/2014/Cornell-Dyson-eb1401.pdf,,,,,,,
15,Mixed Fruits & Vegetables,Grapes (Conventional),,,,8,,,Preharvest,Input,Variable,Spray 4 - Sulfur,,$2.50 ,Sulfur 5 lbs/acre * $0.50/lb * 1 spray,,http://publications.dyson.cornell.edu/outreach/extensionpdf/2014/Cornell-Dyson-eb1401.pdf,,,,,,,
15,Mixed Fruits & Vegetables,Grapes (Conventional),,,,9,,,Preharvest,Input,Variable,Spray 4 - Sulfur,,$2.50 ,Sulfur 5 lbs/acre * $0.50/lb * 1 spray,,http://publications.dyson.cornell.edu/outreach/extensionpdf/2014/Cornell-Dyson-eb1401.pdf,,,,,,,
15,Mixed Fruits & Vegetables,Grapes (Conventional),,,,10,,,Preharvest,Input,Variable,Spray 4 - Sulfur,,$2.50 ,Sulfur 5 lbs/acre * $0.50/lb * 1 spray,,http://publications.dyson.cornell.edu/outreach/extensionpdf/2014/Cornell-Dyson-eb1401.pdf,,,,,,,
15,Mixed Fruits & Vegetables,Grapes (Conventional),,,,11,,,Preharvest,Input,Variable,Spray 4 - Sulfur,,$2.50 ,Sulfur 5 lbs/acre * $0.50/lb * 1 spray,,http://publications.dyson.cornell.edu/outreach/extensionpdf/2014/Cornell-Dyson-eb1401.pdf,,,,,,,
15,Mixed Fruits & Vegetables,Grapes (Conventional),,,,12,,,Preharvest,Input,Variable,Spray 4 - Sulfur,,$2.50 ,Sulfur 5 lbs/acre * $0.50/lb * 1 spray,,http://publications.dyson.cornell.edu/outreach/extensionpdf/2014/Cornell-Dyson-eb1401.pdf,,,,,,,
15,Mixed Fruits & Vegetables,Grapes (Conventional),,,,13,,,Preharvest,Input,Variable,Spray 4 - Sulfur,,$2.50 ,Sulfur 5 lbs/acre * $0.50/lb * 1 spray,,http://publications.dyson.cornell.edu/outreach/extensionpdf/2014/Cornell-Dyson-eb1401.pdf,,,,,,,
15,Mixed Fruits & Vegetables,Grapes (Conventional),,,,14,,,Preharvest,Input,Variable,Spray 4 - Sulfur,,$2.50 ,Sulfur 5 lbs/acre * $0.50/lb * 1 spray,,http://publications.dyson.cornell.edu/outreach/extensionpdf/2014/Cornell-Dyson-eb1401.pdf,,,,,,,
15,Mixed Fruits & Vegetables,Grapes (Conventional),,,,15,,,Preharvest,Input,Variable,Spray 4 - Sulfur,,$2.50 ,Sulfur 5 lbs/acre * $0.50/lb * 1 spray,,http://publications.dyson.cornell.edu/outreach/extensionpdf/2014/Cornell-Dyson-eb1401.pdf,,,,,,,
15,Mixed Fruits & Vegetables,Grapes (Conventional),,,,16,,,Preharvest,Input,Variable,Spray 4 - Sulfur,,$2.50 ,Sulfur 5 lbs/acre * $0.50/lb * 1 spray,,http://publications.dyson.cornell.edu/outreach/extensionpdf/2014/Cornell-Dyson-eb1401.pdf,,,,,,,
15,Mixed Fruits & Vegetables,Grapes (Conventional),,,,17,,,Preharvest,Input,Variable,Spray 4 - Sulfur,,$2.50 ,Sulfur 5 lbs/acre * $0.50/lb * 1 spray,,http://publications.dyson.cornell.edu/outreach/extensionpdf/2014/Cornell-Dyson-eb1401.pdf,,,,,,,
15,Mixed Fruits & Vegetables,Grapes (Conventional),,,,18,,,Preharvest,Input,Variable,Spray 4 - Sulfur,,$2.50 ,Sulfur 5 lbs/acre * $0.50/lb * 1 spray,,http://publications.dyson.cornell.edu/outreach/extensionpdf/2014/Cornell-Dyson-eb1401.pdf,,,,,,,
15,Mixed Fruits & Vegetables,Grapes (Conventional),,,,19,,,Preharvest,Input,Variable,Spray 4 - Sulfur,,$2.50 ,Sulfur 5 lbs/acre * $0.50/lb * 1 spray,,http://publications.dyson.cornell.edu/outreach/extensionpdf/2014/Cornell-Dyson-eb1401.pdf,,,,,,,
15,Mixed Fruits & Vegetables,Grapes (Conventional),,,,20,,,Preharvest,Input,Variable,Spray 4 - Sulfur,,$2.50 ,Sulfur 5 lbs/acre * $0.50/lb * 1 spray,,http://publications.dyson.cornell.edu/outreach/extensionpdf/2014/Cornell-Dyson-eb1401.pdf,,,,,,,
15,Mixed Fruits & Vegetables,Grapes (Conventional),,,,21,,,Preharvest,Input,Variable,Spray 4 - Sulfur,,$2.50 ,Sulfur 5 lbs/acre * $0.50/lb * 1 spray,,http://publications.dyson.cornell.edu/outreach/extensionpdf/2014/Cornell-Dyson-eb1401.pdf,,,,,,,
15,Mixed Fruits & Vegetables,Grapes (Conventional),,,,22,,,Preharvest,Input,Variable,Spray 4 - Sulfur,,$2.50 ,Sulfur 5 lbs/acre * $0.50/lb * 1 spray,,http://publications.dyson.cornell.edu/outreach/extensionpdf/2014/Cornell-Dyson-eb1401.pdf,,,,,,,
15,Mixed Fruits & Vegetables,Grapes (Conventional),,,,4,,,Preharvest,Input,Variable,Spray 4 - Spreader,,$0.63 ,Spreader 4 oz./acre * $20/gal * 1 spray,,http://publications.dyson.cornell.edu/outreach/extensionpdf/2014/Cornell-Dyson-eb1401.pdf,,,,,,,
15,Mixed Fruits & Vegetables,Grapes (Conventional),,,,5,,,Preharvest,Input,Variable,Spray 4 - Spreader,,$0.63 ,Spreader 4 oz./acre * $20/gal * 1 spray,,http://publications.dyson.cornell.edu/outreach/extensionpdf/2014/Cornell-Dyson-eb1401.pdf,,,,,,,
15,Mixed Fruits & Vegetables,Grapes (Conventional),,,,6,,,Preharvest,Input,Variable,Spray 4 - Spreader,,$0.63 ,Spreader 4 oz./acre * $20/gal * 1 spray,,http://publications.dyson.cornell.edu/outreach/extensionpdf/2014/Cornell-Dyson-eb1401.pdf,,,,,,,
15,Mixed Fruits & Vegetables,Grapes (Conventional),,,,7,,,Preharvest,Input,Variable,Spray 4 - Spreader,,$0.63 ,Spreader 4 oz./acre * $20/gal * 1 spray,,http://publications.dyson.cornell.edu/outreach/extensionpdf/2014/Cornell-Dyson-eb1401.pdf,,,,,,,
15,Mixed Fruits & Vegetables,Grapes (Conventional),,,,8,,,Preharvest,Input,Variable,Spray 4 - Spreader,,$0.63 ,Spreader 4 oz./acre * $20/gal * 1 spray,,http://publications.dyson.cornell.edu/outreach/extensionpdf/2014/Cornell-Dyson-eb1401.pdf,,,,,,,
15,Mixed Fruits & Vegetables,Grapes (Conventional),,,,9,,,Preharvest,Input,Variable,Spray 4 - Spreader,,$0.63 ,Spreader 4 oz./acre * $20/gal * 1 spray,,http://publications.dyson.cornell.edu/outreach/extensionpdf/2014/Cornell-Dyson-eb1401.pdf,,,,,,,
15,Mixed Fruits & Vegetables,Grapes (Conventional),,,,10,,,Preharvest,Input,Variable,Spray 4 - Spreader,,$0.63 ,Spreader 4 oz./acre * $20/gal * 1 spray,,http://publications.dyson.cornell.edu/outreach/extensionpdf/2014/Cornell-Dyson-eb1401.pdf,,,,,,,
15,Mixed Fruits & Vegetables,Grapes (Conventional),,,,11,,,Preharvest,Input,Variable,Spray 4 - Spreader,,$0.63 ,Spreader 4 oz./acre * $20/gal * 1 spray,,http://publications.dyson.cornell.edu/outreach/extensionpdf/2014/Cornell-Dyson-eb1401.pdf,,,,,,,
15,Mixed Fruits & Vegetables,Grapes (Conventional),,,,12,,,Preharvest,Input,Variable,Spray 4 - Spreader,,$0.63 ,Spreader 4 oz./acre * $20/gal * 1 spray,,http://publications.dyson.cornell.edu/outreach/extensionpdf/2014/Cornell-Dyson-eb1401.pdf,,,,,,,
15,Mixed Fruits & Vegetables,Grapes (Conventional),,,,13,,,Preharvest,Input,Variable,Spray 4 - Spreader,,$0.63 ,Spreader 4 oz./acre * $20/gal * 1 spray,,http://publications.dyson.cornell.edu/outreach/extensionpdf/2014/Cornell-Dyson-eb1401.pdf,,,,,,,
15,Mixed Fruits & Vegetables,Grapes (Conventional),,,,14,,,Preharvest,Input,Variable,Spray 4 - Spreader,,$0.63 ,Spreader 4 oz./acre * $20/gal * 1 spray,,http://publications.dyson.cornell.edu/outreach/extensionpdf/2014/Cornell-Dyson-eb1401.pdf,,,,,,,
15,Mixed Fruits & Vegetables,Grapes (Conventional),,,,15,,,Preharvest,Input,Variable,Spray 4 - Spreader,,$0.63 ,Spreader 4 oz./acre * $20/gal * 1 spray,,http://publications.dyson.cornell.edu/outreach/extensionpdf/2014/Cornell-Dyson-eb1401.pdf,,,,,,,
15,Mixed Fruits & Vegetables,Grapes (Conventional),,,,16,,,Preharvest,Input,Variable,Spray 4 - Spreader,,$0.63 ,Spreader 4 oz./acre * $20/gal * 1 spray,,http://publications.dyson.cornell.edu/outreach/extensionpdf/2014/Cornell-Dyson-eb1401.pdf,,,,,,,
15,Mixed Fruits & Vegetables,Grapes (Conventional),,,,17,,,Preharvest,Input,Variable,Spray 4 - Spreader,,$0.63 ,Spreader 4 oz./acre * $20/gal * 1 spray,,http://publications.dyson.cornell.edu/outreach/extensionpdf/2014/Cornell-Dyson-eb1401.pdf,,,,,,,
15,Mixed Fruits & Vegetables,Grapes (Conventional),,,,18,,,Preharvest,Input,Variable,Spray 4 - Spreader,,$0.63 ,Spreader 4 oz./acre * $20/gal * 1 spray,,http://publications.dyson.cornell.edu/outreach/extensionpdf/2014/Cornell-Dyson-eb1401.pdf,,,,,,,
15,Mixed Fruits & Vegetables,Grapes (Conventional),,,,19,,,Preharvest,Input,Variable,Spray 4 - Spreader,,$0.63 ,Spreader 4 oz./acre * $20/gal * 1 spray,,http://publications.dyson.cornell.edu/outreach/extensionpdf/2014/Cornell-Dyson-eb1401.pdf,,,,,,,
15,Mixed Fruits & Vegetables,Grapes (Conventional),,,,20,,,Preharvest,Input,Variable,Spray 4 - Spreader,,$0.63 ,Spreader 4 oz./acre * $20/gal * 1 spray,,http://publications.dyson.cornell.edu/outreach/extensionpdf/2014/Cornell-Dyson-eb1401.pdf,,,,,,,
15,Mixed Fruits & Vegetables,Grapes (Conventional),,,,21,,,Preharvest,Input,Variable,Spray 4 - Spreader,,$0.63 ,Spreader 4 oz./acre * $20/gal * 1 spray,,http://publications.dyson.cornell.edu/outreach/extensionpdf/2014/Cornell-Dyson-eb1401.pdf,,,,,,,
15,Mixed Fruits & Vegetables,Grapes (Conventional),,,,22,,,Preharvest,Input,Variable,Spray 4 - Spreader,,$0.63 ,Spreader 4 oz./acre * $20/gal * 1 spray,,http://publications.dyson.cornell.edu/outreach/extensionpdf/2014/Cornell-Dyson-eb1401.pdf,,,,,,,
15,Mixed Fruits & Vegetables,Grapes (Conventional),,,,4,,,Preharvest,Labor,Variable,Spray 4 - Skilled Labor Costs,0.6,$12.00 ,0.6 hours * $20/hour * 1 spray,,http://publications.dyson.cornell.edu/outreach/extensionpdf/2014/Cornell-Dyson-eb1401.pdf,,,,,,,
15,Mixed Fruits & Vegetables,Grapes (Conventional),,,,5,,,Preharvest,Labor,Variable,Spray 4 - Skilled Labor Costs,0.6,$12.00 ,0.6 hours * $20/hour * 1 spray,,http://publications.dyson.cornell.edu/outreach/extensionpdf/2014/Cornell-Dyson-eb1401.pdf,,,,,,,
15,Mixed Fruits & Vegetables,Grapes (Conventional),,,,6,,,Preharvest,Labor,Variable,Spray 4 - Skilled Labor Costs,0.6,$12.00 ,0.6 hours * $20/hour * 1 spray,,http://publications.dyson.cornell.edu/outreach/extensionpdf/2014/Cornell-Dyson-eb1401.pdf,,,,,,,
15,Mixed Fruits & Vegetables,Grapes (Conventional),,,,7,,,Preharvest,Labor,Variable,Spray 4 - Skilled Labor Costs,0.6,$12.00 ,0.6 hours * $20/hour * 1 spray,,http://publications.dyson.cornell.edu/outreach/extensionpdf/2014/Cornell-Dyson-eb1401.pdf,,,,,,,
15,Mixed Fruits & Vegetables,Grapes (Conventional),,,,8,,,Preharvest,Labor,Variable,Spray 4 - Skilled Labor Costs,0.6,$12.00 ,0.6 hours * $20/hour * 1 spray,,http://publications.dyson.cornell.edu/outreach/extensionpdf/2014/Cornell-Dyson-eb1401.pdf,,,,,,,
15,Mixed Fruits & Vegetables,Grapes (Conventional),,,,9,,,Preharvest,Labor,Variable,Spray 4 - Skilled Labor Costs,0.6,$12.00 ,0.6 hours * $20/hour * 1 spray,,http://publications.dyson.cornell.edu/outreach/extensionpdf/2014/Cornell-Dyson-eb1401.pdf,,,,,,,
15,Mixed Fruits & Vegetables,Grapes (Conventional),,,,10,,,Preharvest,Labor,Variable,Spray 4 - Skilled Labor Costs,0.6,$12.00 ,0.6 hours * $20/hour * 1 spray,,http://publications.dyson.cornell.edu/outreach/extensionpdf/2014/Cornell-Dyson-eb1401.pdf,,,,,,,
15,Mixed Fruits & Vegetables,Grapes (Conventional),,,,11,,,Preharvest,Labor,Variable,Spray 4 - Skilled Labor Costs,0.6,$12.00 ,0.6 hours * $20/hour * 1 spray,,http://publications.dyson.cornell.edu/outreach/extensionpdf/2014/Cornell-Dyson-eb1401.pdf,,,,,,,
15,Mixed Fruits & Vegetables,Grapes (Conventional),,,,12,,,Preharvest,Labor,Variable,Spray 4 - Skilled Labor Costs,0.6,$12.00 ,0.6 hours * $20/hour * 1 spray,,http://publications.dyson.cornell.edu/outreach/extensionpdf/2014/Cornell-Dyson-eb1401.pdf,,,,,,,
15,Mixed Fruits & Vegetables,Grapes (Conventional),,,,13,,,Preharvest,Labor,Variable,Spray 4 - Skilled Labor Costs,0.6,$12.00 ,0.6 hours * $20/hour * 1 spray,,http://publications.dyson.cornell.edu/outreach/extensionpdf/2014/Cornell-Dyson-eb1401.pdf,,,,,,,
15,Mixed Fruits & Vegetables,Grapes (Conventional),,,,14,,,Preharvest,Labor,Variable,Spray 4 - Skilled Labor Costs,0.6,$12.00 ,0.6 hours * $20/hour * 1 spray,,http://publications.dyson.cornell.edu/outreach/extensionpdf/2014/Cornell-Dyson-eb1401.pdf,,,,,,,
15,Mixed Fruits & Vegetables,Grapes (Conventional),,,,15,,,Preharvest,Labor,Variable,Spray 4 - Skilled Labor Costs,0.6,$12.00 ,0.6 hours * $20/hour * 1 spray,,http://publications.dyson.cornell.edu/outreach/extensionpdf/2014/Cornell-Dyson-eb1401.pdf,,,,,,,
15,Mixed Fruits & Vegetables,Grapes (Conventional),,,,16,,,Preharvest,Labor,Variable,Spray 4 - Skilled Labor Costs,0.6,$12.00 ,0.6 hours * $20/hour * 1 spray,,http://publications.dyson.cornell.edu/outreach/extensionpdf/2014/Cornell-Dyson-eb1401.pdf,,,,,,,
15,Mixed Fruits & Vegetables,Grapes (Conventional),,,,17,,,Preharvest,Labor,Variable,Spray 4 - Skilled Labor Costs,0.6,$12.00 ,0.6 hours * $20/hour * 1 spray,,http://publications.dyson.cornell.edu/outreach/extensionpdf/2014/Cornell-Dyson-eb1401.pdf,,,,,,,
15,Mixed Fruits & Vegetables,Grapes (Conventional),,,,18,,,Preharvest,Labor,Variable,Spray 4 - Skilled Labor Costs,0.6,$12.00 ,0.6 hours * $20/hour * 1 spray,,http://publications.dyson.cornell.edu/outreach/extensionpdf/2014/Cornell-Dyson-eb1401.pdf,,,,,,,
15,Mixed Fruits & Vegetables,Grapes (Conventional),,,,19,,,Preharvest,Labor,Variable,Spray 4 - Skilled Labor Costs,0.6,$12.00 ,0.6 hours * $20/hour * 1 spray,,http://publications.dyson.cornell.edu/outreach/extensionpdf/2014/Cornell-Dyson-eb1401.pdf,,,,,,,
15,Mixed Fruits & Vegetables,Grapes (Conventional),,,,20,,,Preharvest,Labor,Variable,Spray 4 - Skilled Labor Costs,0.6,$12.00 ,0.6 hours * $20/hour * 1 spray,,http://publications.dyson.cornell.edu/outreach/extensionpdf/2014/Cornell-Dyson-eb1401.pdf,,,,,,,
15,Mixed Fruits & Vegetables,Grapes (Conventional),,,,21,,,Preharvest,Labor,Variable,Spray 4 - Skilled Labor Costs,0.6,$12.00 ,0.6 hours * $20/hour * 1 spray,,http://publications.dyson.cornell.edu/outreach/extensionpdf/2014/Cornell-Dyson-eb1401.pdf,,,,,,,
15,Mixed Fruits & Vegetables,Grapes (Conventional),,,,22,,,Preharvest,Labor,Variable,Spray 4 - Skilled Labor Costs,0.6,$12.00 ,0.6 hours * $20/hour * 1 spray,,http://publications.dyson.cornell.edu/outreach/extensionpdf/2014/Cornell-Dyson-eb1401.pdf,,,,,,,
15,Mixed Fruits & Vegetables,Grapes (Conventional),,,,4,,,Preharvest,Equipment,Variable,Spray 4 - Equipment Costs,,$13.97 ,$13.97 * 1 spray ,,http://publications.dyson.cornell.edu/outreach/extensionpdf/2014/Cornell-Dyson-eb1401.pdf,,,,,,,
15,Mixed Fruits & Vegetables,Grapes (Conventional),,,,5,,,Preharvest,Equipment,Variable,Spray 4 - Equipment Costs,,$13.97 ,$13.97 * 1 spray ,,http://publications.dyson.cornell.edu/outreach/extensionpdf/2014/Cornell-Dyson-eb1401.pdf,,,,,,,
15,Mixed Fruits & Vegetables,Grapes (Conventional),,,,6,,,Preharvest,Equipment,Variable,Spray 4 - Equipment Costs,,$13.97 ,$13.97 * 1 spray ,,http://publications.dyson.cornell.edu/outreach/extensionpdf/2014/Cornell-Dyson-eb1401.pdf,,,,,,,
15,Mixed Fruits & Vegetables,Grapes (Conventional),,,,7,,,Preharvest,Equipment,Variable,Spray 4 - Equipment Costs,,$13.97 ,$13.97 * 1 spray ,,http://publications.dyson.cornell.edu/outreach/extensionpdf/2014/Cornell-Dyson-eb1401.pdf,,,,,,,
15,Mixed Fruits & Vegetables,Grapes (Conventional),,,,8,,,Preharvest,Equipment,Variable,Spray 4 - Equipment Costs,,$13.97 ,$13.97 * 1 spray ,,http://publications.dyson.cornell.edu/outreach/extensionpdf/2014/Cornell-Dyson-eb1401.pdf,,,,,,,
15,Mixed Fruits & Vegetables,Grapes (Conventional),,,,9,,,Preharvest,Equipment,Variable,Spray 4 - Equipment Costs,,$13.97 ,$13.97 * 1 spray ,,http://publications.dyson.cornell.edu/outreach/extensionpdf/2014/Cornell-Dyson-eb1401.pdf,,,,,,,
15,Mixed Fruits & Vegetables,Grapes (Conventional),,,,10,,,Preharvest,Equipment,Variable,Spray 4 - Equipment Costs,,$13.97 ,$13.97 * 1 spray ,,http://publications.dyson.cornell.edu/outreach/extensionpdf/2014/Cornell-Dyson-eb1401.pdf,,,,,,,
15,Mixed Fruits & Vegetables,Grapes (Conventional),,,,11,,,Preharvest,Equipment,Variable,Spray 4 - Equipment Costs,,$13.97 ,$13.97 * 1 spray ,,http://publications.dyson.cornell.edu/outreach/extensionpdf/2014/Cornell-Dyson-eb1401.pdf,,,,,,,
15,Mixed Fruits & Vegetables,Grapes (Conventional),,,,12,,,Preharvest,Equipment,Variable,Spray 4 - Equipment Costs,,$13.97 ,$13.97 * 1 spray ,,http://publications.dyson.cornell.edu/outreach/extensionpdf/2014/Cornell-Dyson-eb1401.pdf,,,,,,,
15,Mixed Fruits & Vegetables,Grapes (Conventional),,,,13,,,Preharvest,Equipment,Variable,Spray 4 - Equipment Costs,,$13.97 ,$13.97 * 1 spray ,,http://publications.dyson.cornell.edu/outreach/extensionpdf/2014/Cornell-Dyson-eb1401.pdf,,,,,,,
15,Mixed Fruits & Vegetables,Grapes (Conventional),,,,14,,,Preharvest,Equipment,Variable,Spray 4 - Equipment Costs,,$13.97 ,$13.97 * 1 spray ,,http://publications.dyson.cornell.edu/outreach/extensionpdf/2014/Cornell-Dyson-eb1401.pdf,,,,,,,
15,Mixed Fruits & Vegetables,Grapes (Conventional),,,,15,,,Preharvest,Equipment,Variable,Spray 4 - Equipment Costs,,$13.97 ,$13.97 * 1 spray ,,http://publications.dyson.cornell.edu/outreach/extensionpdf/2014/Cornell-Dyson-eb1401.pdf,,,,,,,
15,Mixed Fruits & Vegetables,Grapes (Conventional),,,,16,,,Preharvest,Equipment,Variable,Spray 4 - Equipment Costs,,$13.97 ,$13.97 * 1 spray ,,http://publications.dyson.cornell.edu/outreach/extensionpdf/2014/Cornell-Dyson-eb1401.pdf,,,,,,,
15,Mixed Fruits & Vegetables,Grapes (Conventional),,,,17,,,Preharvest,Equipment,Variable,Spray 4 - Equipment Costs,,$13.97 ,$13.97 * 1 spray ,,http://publications.dyson.cornell.edu/outreach/extensionpdf/2014/Cornell-Dyson-eb1401.pdf,,,,,,,
15,Mixed Fruits & Vegetables,Grapes (Conventional),,,,18,,,Preharvest,Equipment,Variable,Spray 4 - Equipment Costs,,$13.97 ,$13.97 * 1 spray ,,http://publications.dyson.cornell.edu/outreach/extensionpdf/2014/Cornell-Dyson-eb1401.pdf,,,,,,,
15,Mixed Fruits & Vegetables,Grapes (Conventional),,,,19,,,Preharvest,Equipment,Variable,Spray 4 - Equipment Costs,,$13.97 ,$13.97 * 1 spray ,,http://publications.dyson.cornell.edu/outreach/extensionpdf/2014/Cornell-Dyson-eb1401.pdf,,,,,,,
15,Mixed Fruits & Vegetables,Grapes (Conventional),,,,20,,,Preharvest,Equipment,Variable,Spray 4 - Equipment Costs,,$13.97 ,$13.97 * 1 spray ,,http://publications.dyson.cornell.edu/outreach/extensionpdf/2014/Cornell-Dyson-eb1401.pdf,,,,,,,
15,Mixed Fruits & Vegetables,Grapes (Conventional),,,,21,,,Preharvest,Equipment,Variable,Spray 4 - Equipment Costs,,$13.97 ,$13.97 * 1 spray ,,http://publications.dyson.cornell.edu/outreach/extensionpdf/2014/Cornell-Dyson-eb1401.pdf,,,,,,,
15,Mixed Fruits & Vegetables,Grapes (Conventional),,,,22,,,Preharvest,Equipment,Variable,Spray 4 - Equipment Costs,,$13.97 ,$13.97 * 1 spray ,,http://publications.dyson.cornell.edu/outreach/extensionpdf/2014/Cornell-Dyson-eb1401.pdf,,,,,,,
15,Mixed Fruits & Vegetables,Grapes (Conventional),,,,4,,,Preharvest,Input,Variable,Spray 5 - Vivando,,$18.80 ,Vivando 10 oz/acre * $1.88/oz * 1 spray,,http://publications.dyson.cornell.edu/outreach/extensionpdf/2014/Cornell-Dyson-eb1401.pdf,,,,,,,
15,Mixed Fruits & Vegetables,Grapes (Conventional),,,,5,,,Preharvest,Input,Variable,Spray 5 - Vivando,,$18.80 ,Vivando 10 oz/acre * $1.88/oz * 1 spray,,http://publications.dyson.cornell.edu/outreach/extensionpdf/2014/Cornell-Dyson-eb1401.pdf,,,,,,,
15,Mixed Fruits & Vegetables,Grapes (Conventional),,,,6,,,Preharvest,Input,Variable,Spray 5 - Vivando,,$18.80 ,Vivando 10 oz/acre * $1.88/oz * 1 spray,,http://publications.dyson.cornell.edu/outreach/extensionpdf/2014/Cornell-Dyson-eb1401.pdf,,,,,,,
15,Mixed Fruits & Vegetables,Grapes (Conventional),,,,7,,,Preharvest,Input,Variable,Spray 5 - Vivando,,$18.80 ,Vivando 10 oz/acre * $1.88/oz * 1 spray,,http://publications.dyson.cornell.edu/outreach/extensionpdf/2014/Cornell-Dyson-eb1401.pdf,,,,,,,
15,Mixed Fruits & Vegetables,Grapes (Conventional),,,,8,,,Preharvest,Input,Variable,Spray 5 - Vivando,,$18.80 ,Vivando 10 oz/acre * $1.88/oz * 1 spray,,http://publications.dyson.cornell.edu/outreach/extensionpdf/2014/Cornell-Dyson-eb1401.pdf,,,,,,,
15,Mixed Fruits & Vegetables,Grapes (Conventional),,,,9,,,Preharvest,Input,Variable,Spray 5 - Vivando,,$18.80 ,Vivando 10 oz/acre * $1.88/oz * 1 spray,,http://publications.dyson.cornell.edu/outreach/extensionpdf/2014/Cornell-Dyson-eb1401.pdf,,,,,,,
15,Mixed Fruits & Vegetables,Grapes (Conventional),,,,10,,,Preharvest,Input,Variable,Spray 5 - Vivando,,$18.80 ,Vivando 10 oz/acre * $1.88/oz * 1 spray,,http://publications.dyson.cornell.edu/outreach/extensionpdf/2014/Cornell-Dyson-eb1401.pdf,,,,,,,
15,Mixed Fruits & Vegetables,Grapes (Conventional),,,,11,,,Preharvest,Input,Variable,Spray 5 - Vivando,,$18.80 ,Vivando 10 oz/acre * $1.88/oz * 1 spray,,http://publications.dyson.cornell.edu/outreach/extensionpdf/2014/Cornell-Dyson-eb1401.pdf,,,,,,,
15,Mixed Fruits & Vegetables,Grapes (Conventional),,,,12,,,Preharvest,Input,Variable,Spray 5 - Vivando,,$18.80 ,Vivando 10 oz/acre * $1.88/oz * 1 spray,,http://publications.dyson.cornell.edu/outreach/extensionpdf/2014/Cornell-Dyson-eb1401.pdf,,,,,,,
15,Mixed Fruits & Vegetables,Grapes (Conventional),,,,13,,,Preharvest,Input,Variable,Spray 5 - Vivando,,$18.80 ,Vivando 10 oz/acre * $1.88/oz * 1 spray,,http://publications.dyson.cornell.edu/outreach/extensionpdf/2014/Cornell-Dyson-eb1401.pdf,,,,,,,
15,Mixed Fruits & Vegetables,Grapes (Conventional),,,,14,,,Preharvest,Input,Variable,Spray 5 - Vivando,,$18.80 ,Vivando 10 oz/acre * $1.88/oz * 1 spray,,http://publications.dyson.cornell.edu/outreach/extensionpdf/2014/Cornell-Dyson-eb1401.pdf,,,,,,,
15,Mixed Fruits & Vegetables,Grapes (Conventional),,,,15,,,Preharvest,Input,Variable,Spray 5 - Vivando,,$18.80 ,Vivando 10 oz/acre * $1.88/oz * 1 spray,,http://publications.dyson.cornell.edu/outreach/extensionpdf/2014/Cornell-Dyson-eb1401.pdf,,,,,,,
15,Mixed Fruits & Vegetables,Grapes (Conventional),,,,16,,,Preharvest,Input,Variable,Spray 5 - Vivando,,$18.80 ,Vivando 10 oz/acre * $1.88/oz * 1 spray,,http://publications.dyson.cornell.edu/outreach/extensionpdf/2014/Cornell-Dyson-eb1401.pdf,,,,,,,
15,Mixed Fruits & Vegetables,Grapes (Conventional),,,,17,,,Preharvest,Input,Variable,Spray 5 - Vivando,,$18.80 ,Vivando 10 oz/acre * $1.88/oz * 1 spray,,http://publications.dyson.cornell.edu/outreach/extensionpdf/2014/Cornell-Dyson-eb1401.pdf,,,,,,,
15,Mixed Fruits & Vegetables,Grapes (Conventional),,,,18,,,Preharvest,Input,Variable,Spray 5 - Vivando,,$18.80 ,Vivando 10 oz/acre * $1.88/oz * 1 spray,,http://publications.dyson.cornell.edu/outreach/extensionpdf/2014/Cornell-Dyson-eb1401.pdf,,,,,,,
15,Mixed Fruits & Vegetables,Grapes (Conventional),,,,19,,,Preharvest,Input,Variable,Spray 5 - Vivando,,$18.80 ,Vivando 10 oz/acre * $1.88/oz * 1 spray,,http://publications.dyson.cornell.edu/outreach/extensionpdf/2014/Cornell-Dyson-eb1401.pdf,,,,,,,
15,Mixed Fruits & Vegetables,Grapes (Conventional),,,,20,,,Preharvest,Input,Variable,Spray 5 - Vivando,,$18.80 ,Vivando 10 oz/acre * $1.88/oz * 1 spray,,http://publications.dyson.cornell.edu/outreach/extensionpdf/2014/Cornell-Dyson-eb1401.pdf,,,,,,,
15,Mixed Fruits & Vegetables,Grapes (Conventional),,,,21,,,Preharvest,Input,Variable,Spray 5 - Vivando,,$18.80 ,Vivando 10 oz/acre * $1.88/oz * 1 spray,,http://publications.dyson.cornell.edu/outreach/extensionpdf/2014/Cornell-Dyson-eb1401.pdf,,,,,,,
15,Mixed Fruits & Vegetables,Grapes (Conventional),,,,22,,,Preharvest,Input,Variable,Spray 5 - Vivando,,$18.80 ,Vivando 10 oz/acre * $1.88/oz * 1 spray,,http://publications.dyson.cornell.edu/outreach/extensionpdf/2014/Cornell-Dyson-eb1401.pdf,,,,,,,
15,Mixed Fruits & Vegetables,Grapes (Conventional),,,,4,,,Preharvest,Input,Variable,Spray 5 - Mancozeb 75DF,,$16.20 ,Mancozeb 75DF 4 lbs/acre * $4.05/lb * 1 spray,,http://publications.dyson.cornell.edu/outreach/extensionpdf/2014/Cornell-Dyson-eb1401.pdf,,,,,,,
15,Mixed Fruits & Vegetables,Grapes (Conventional),,,,5,,,Preharvest,Input,Variable,Spray 5 - Mancozeb 75DF,,$16.20 ,Mancozeb 75DF 4 lbs/acre * $4.05/lb * 1 spray,,http://publications.dyson.cornell.edu/outreach/extensionpdf/2014/Cornell-Dyson-eb1401.pdf,,,,,,,
15,Mixed Fruits & Vegetables,Grapes (Conventional),,,,6,,,Preharvest,Input,Variable,Spray 5 - Mancozeb 75DF,,$16.20 ,Mancozeb 75DF 4 lbs/acre * $4.05/lb * 1 spray,,http://publications.dyson.cornell.edu/outreach/extensionpdf/2014/Cornell-Dyson-eb1401.pdf,,,,,,,
15,Mixed Fruits & Vegetables,Grapes (Conventional),,,,7,,,Preharvest,Input,Variable,Spray 5 - Mancozeb 75DF,,$16.20 ,Mancozeb 75DF 4 lbs/acre * $4.05/lb * 1 spray,,http://publications.dyson.cornell.edu/outreach/extensionpdf/2014/Cornell-Dyson-eb1401.pdf,,,,,,,
15,Mixed Fruits & Vegetables,Grapes (Conventional),,,,8,,,Preharvest,Input,Variable,Spray 5 - Mancozeb 75DF,,$16.20 ,Mancozeb 75DF 4 lbs/acre * $4.05/lb * 1 spray,,http://publications.dyson.cornell.edu/outreach/extensionpdf/2014/Cornell-Dyson-eb1401.pdf,,,,,,,
15,Mixed Fruits & Vegetables,Grapes (Conventional),,,,9,,,Preharvest,Input,Variable,Spray 5 - Mancozeb 75DF,,$16.20 ,Mancozeb 75DF 4 lbs/acre * $4.05/lb * 1 spray,,http://publications.dyson.cornell.edu/outreach/extensionpdf/2014/Cornell-Dyson-eb1401.pdf,,,,,,,
15,Mixed Fruits & Vegetables,Grapes (Conventional),,,,10,,,Preharvest,Input,Variable,Spray 5 - Mancozeb 75DF,,$16.20 ,Mancozeb 75DF 4 lbs/acre * $4.05/lb * 1 spray,,http://publications.dyson.cornell.edu/outreach/extensionpdf/2014/Cornell-Dyson-eb1401.pdf,,,,,,,
15,Mixed Fruits & Vegetables,Grapes (Conventional),,,,11,,,Preharvest,Input,Variable,Spray 5 - Mancozeb 75DF,,$16.20 ,Mancozeb 75DF 4 lbs/acre * $4.05/lb * 1 spray,,http://publications.dyson.cornell.edu/outreach/extensionpdf/2014/Cornell-Dyson-eb1401.pdf,,,,,,,
15,Mixed Fruits & Vegetables,Grapes (Conventional),,,,12,,,Preharvest,Input,Variable,Spray 5 - Mancozeb 75DF,,$16.20 ,Mancozeb 75DF 4 lbs/acre * $4.05/lb * 1 spray,,http://publications.dyson.cornell.edu/outreach/extensionpdf/2014/Cornell-Dyson-eb1401.pdf,,,,,,,
15,Mixed Fruits & Vegetables,Grapes (Conventional),,,,13,,,Preharvest,Input,Variable,Spray 5 - Mancozeb 75DF,,$16.20 ,Mancozeb 75DF 4 lbs/acre * $4.05/lb * 1 spray,,http://publications.dyson.cornell.edu/outreach/extensionpdf/2014/Cornell-Dyson-eb1401.pdf,,,,,,,
15,Mixed Fruits & Vegetables,Grapes (Conventional),,,,14,,,Preharvest,Input,Variable,Spray 5 - Mancozeb 75DF,,$16.20 ,Mancozeb 75DF 4 lbs/acre * $4.05/lb * 1 spray,,http://publications.dyson.cornell.edu/outreach/extensionpdf/2014/Cornell-Dyson-eb1401.pdf,,,,,,,
15,Mixed Fruits & Vegetables,Grapes (Conventional),,,,15,,,Preharvest,Input,Variable,Spray 5 - Mancozeb 75DF,,$16.20 ,Mancozeb 75DF 4 lbs/acre * $4.05/lb * 1 spray,,http://publications.dyson.cornell.edu/outreach/extensionpdf/2014/Cornell-Dyson-eb1401.pdf,,,,,,,
15,Mixed Fruits & Vegetables,Grapes (Conventional),,,,16,,,Preharvest,Input,Variable,Spray 5 - Mancozeb 75DF,,$16.20 ,Mancozeb 75DF 4 lbs/acre * $4.05/lb * 1 spray,,http://publications.dyson.cornell.edu/outreach/extensionpdf/2014/Cornell-Dyson-eb1401.pdf,,,,,,,
15,Mixed Fruits & Vegetables,Grapes (Conventional),,,,17,,,Preharvest,Input,Variable,Spray 5 - Mancozeb 75DF,,$16.20 ,Mancozeb 75DF 4 lbs/acre * $4.05/lb * 1 spray,,http://publications.dyson.cornell.edu/outreach/extensionpdf/2014/Cornell-Dyson-eb1401.pdf,,,,,,,
15,Mixed Fruits & Vegetables,Grapes (Conventional),,,,18,,,Preharvest,Input,Variable,Spray 5 - Mancozeb 75DF,,$16.20 ,Mancozeb 75DF 4 lbs/acre * $4.05/lb * 1 spray,,http://publications.dyson.cornell.edu/outreach/extensionpdf/2014/Cornell-Dyson-eb1401.pdf,,,,,,,
15,Mixed Fruits & Vegetables,Grapes (Conventional),,,,19,,,Preharvest,Input,Variable,Spray 5 - Mancozeb 75DF,,$16.20 ,Mancozeb 75DF 4 lbs/acre * $4.05/lb * 1 spray,,http://publications.dyson.cornell.edu/outreach/extensionpdf/2014/Cornell-Dyson-eb1401.pdf,,,,,,,
15,Mixed Fruits & Vegetables,Grapes (Conventional),,,,20,,,Preharvest,Input,Variable,Spray 5 - Mancozeb 75DF,,$16.20 ,Mancozeb 75DF 4 lbs/acre * $4.05/lb * 1 spray,,http://publications.dyson.cornell.edu/outreach/extensionpdf/2014/Cornell-Dyson-eb1401.pdf,,,,,,,
15,Mixed Fruits & Vegetables,Grapes (Conventional),,,,21,,,Preharvest,Input,Variable,Spray 5 - Mancozeb 75DF,,$16.20 ,Mancozeb 75DF 4 lbs/acre * $4.05/lb * 1 spray,,http://publications.dyson.cornell.edu/outreach/extensionpdf/2014/Cornell-Dyson-eb1401.pdf,,,,,,,
15,Mixed Fruits & Vegetables,Grapes (Conventional),,,,22,,,Preharvest,Input,Variable,Spray 5 - Mancozeb 75DF,,$16.20 ,Mancozeb 75DF 4 lbs/acre * $4.05/lb * 1 spray,,http://publications.dyson.cornell.edu/outreach/extensionpdf/2014/Cornell-Dyson-eb1401.pdf,,,,,,,
15,Mixed Fruits & Vegetables,Grapes (Conventional),,,,4,,,Preharvest,Labor,Variable,Spray 5 - Skilled Labor Costs,0.6,$12.00 ,0.6 hours * $20/hour * 1 spray,,http://publications.dyson.cornell.edu/outreach/extensionpdf/2014/Cornell-Dyson-eb1401.pdf,,,,,,,
15,Mixed Fruits & Vegetables,Grapes (Conventional),,,,5,,,Preharvest,Labor,Variable,Spray 5 - Skilled Labor Costs,0.6,$12.00 ,0.6 hours * $20/hour * 1 spray,,http://publications.dyson.cornell.edu/outreach/extensionpdf/2014/Cornell-Dyson-eb1401.pdf,,,,,,,
15,Mixed Fruits & Vegetables,Grapes (Conventional),,,,6,,,Preharvest,Labor,Variable,Spray 5 - Skilled Labor Costs,0.6,$12.00 ,0.6 hours * $20/hour * 1 spray,,http://publications.dyson.cornell.edu/outreach/extensionpdf/2014/Cornell-Dyson-eb1401.pdf,,,,,,,
15,Mixed Fruits & Vegetables,Grapes (Conventional),,,,7,,,Preharvest,Labor,Variable,Spray 5 - Skilled Labor Costs,0.6,$12.00 ,0.6 hours * $20/hour * 1 spray,,http://publications.dyson.cornell.edu/outreach/extensionpdf/2014/Cornell-Dyson-eb1401.pdf,,,,,,,
15,Mixed Fruits & Vegetables,Grapes (Conventional),,,,8,,,Preharvest,Labor,Variable,Spray 5 - Skilled Labor Costs,0.6,$12.00 ,0.6 hours * $20/hour * 1 spray,,http://publications.dyson.cornell.edu/outreach/extensionpdf/2014/Cornell-Dyson-eb1401.pdf,,,,,,,
15,Mixed Fruits & Vegetables,Grapes (Conventional),,,,9,,,Preharvest,Labor,Variable,Spray 5 - Skilled Labor Costs,0.6,$12.00 ,0.6 hours * $20/hour * 1 spray,,http://publications.dyson.cornell.edu/outreach/extensionpdf/2014/Cornell-Dyson-eb1401.pdf,,,,,,,
15,Mixed Fruits & Vegetables,Grapes (Conventional),,,,10,,,Preharvest,Labor,Variable,Spray 5 - Skilled Labor Costs,0.6,$12.00 ,0.6 hours * $20/hour * 1 spray,,http://publications.dyson.cornell.edu/outreach/extensionpdf/2014/Cornell-Dyson-eb1401.pdf,,,,,,,
15,Mixed Fruits & Vegetables,Grapes (Conventional),,,,11,,,Preharvest,Labor,Variable,Spray 5 - Skilled Labor Costs,0.6,$12.00 ,0.6 hours * $20/hour * 1 spray,,http://publications.dyson.cornell.edu/outreach/extensionpdf/2014/Cornell-Dyson-eb1401.pdf,,,,,,,
15,Mixed Fruits & Vegetables,Grapes (Conventional),,,,12,,,Preharvest,Labor,Variable,Spray 5 - Skilled Labor Costs,0.6,$12.00 ,0.6 hours * $20/hour * 1 spray,,http://publications.dyson.cornell.edu/outreach/extensionpdf/2014/Cornell-Dyson-eb1401.pdf,,,,,,,
15,Mixed Fruits & Vegetables,Grapes (Conventional),,,,13,,,Preharvest,Labor,Variable,Spray 5 - Skilled Labor Costs,0.6,$12.00 ,0.6 hours * $20/hour * 1 spray,,http://publications.dyson.cornell.edu/outreach/extensionpdf/2014/Cornell-Dyson-eb1401.pdf,,,,,,,
15,Mixed Fruits & Vegetables,Grapes (Conventional),,,,14,,,Preharvest,Labor,Variable,Spray 5 - Skilled Labor Costs,0.6,$12.00 ,0.6 hours * $20/hour * 1 spray,,http://publications.dyson.cornell.edu/outreach/extensionpdf/2014/Cornell-Dyson-eb1401.pdf,,,,,,,
15,Mixed Fruits & Vegetables,Grapes (Conventional),,,,15,,,Preharvest,Labor,Variable,Spray 5 - Skilled Labor Costs,0.6,$12.00 ,0.6 hours * $20/hour * 1 spray,,http://publications.dyson.cornell.edu/outreach/extensionpdf/2014/Cornell-Dyson-eb1401.pdf,,,,,,,
15,Mixed Fruits & Vegetables,Grapes (Conventional),,,,16,,,Preharvest,Labor,Variable,Spray 5 - Skilled Labor Costs,0.6,$12.00 ,0.6 hours * $20/hour * 1 spray,,http://publications.dyson.cornell.edu/outreach/extensionpdf/2014/Cornell-Dyson-eb1401.pdf,,,,,,,
15,Mixed Fruits & Vegetables,Grapes (Conventional),,,,17,,,Preharvest,Labor,Variable,Spray 5 - Skilled Labor Costs,0.6,$12.00 ,0.6 hours * $20/hour * 1 spray,,http://publications.dyson.cornell.edu/outreach/extensionpdf/2014/Cornell-Dyson-eb1401.pdf,,,,,,,
15,Mixed Fruits & Vegetables,Grapes (Conventional),,,,18,,,Preharvest,Labor,Variable,Spray 5 - Skilled Labor Costs,0.6,$12.00 ,0.6 hours * $20/hour * 1 spray,,http://publications.dyson.cornell.edu/outreach/extensionpdf/2014/Cornell-Dyson-eb1401.pdf,,,,,,,
15,Mixed Fruits & Vegetables,Grapes (Conventional),,,,19,,,Preharvest,Labor,Variable,Spray 5 - Skilled Labor Costs,0.6,$12.00 ,0.6 hours * $20/hour * 1 spray,,http://publications.dyson.cornell.edu/outreach/extensionpdf/2014/Cornell-Dyson-eb1401.pdf,,,,,,,
15,Mixed Fruits & Vegetables,Grapes (Conventional),,,,20,,,Preharvest,Labor,Variable,Spray 5 - Skilled Labor Costs,0.6,$12.00 ,0.6 hours * $20/hour * 1 spray,,http://publications.dyson.cornell.edu/outreach/extensionpdf/2014/Cornell-Dyson-eb1401.pdf,,,,,,,
15,Mixed Fruits & Vegetables,Grapes (Conventional),,,,21,,,Preharvest,Labor,Variable,Spray 5 - Skilled Labor Costs,0.6,$12.00 ,0.6 hours * $20/hour * 1 spray,,http://publications.dyson.cornell.edu/outreach/extensionpdf/2014/Cornell-Dyson-eb1401.pdf,,,,,,,
15,Mixed Fruits & Vegetables,Grapes (Conventional),,,,22,,,Preharvest,Labor,Variable,Spray 5 - Skilled Labor Costs,0.6,$12.00 ,0.6 hours * $20/hour * 1 spray,,http://publications.dyson.cornell.edu/outreach/extensionpdf/2014/Cornell-Dyson-eb1401.pdf,,,,,,,
15,Mixed Fruits & Vegetables,Grapes (Conventional),,,,4,,,Preharvest,Equipment,Variable,Spray 5 - Equipment Costs,,$13.97 ,$13.97 * 1 spray ,,http://publications.dyson.cornell.edu/outreach/extensionpdf/2014/Cornell-Dyson-eb1401.pdf,,,,,,,
15,Mixed Fruits & Vegetables,Grapes (Conventional),,,,5,,,Preharvest,Equipment,Variable,Spray 5 - Equipment Costs,,$13.97 ,$13.97 * 1 spray ,,http://publications.dyson.cornell.edu/outreach/extensionpdf/2014/Cornell-Dyson-eb1401.pdf,,,,,,,
15,Mixed Fruits & Vegetables,Grapes (Conventional),,,,6,,,Preharvest,Equipment,Variable,Spray 5 - Equipment Costs,,$13.97 ,$13.97 * 1 spray ,,http://publications.dyson.cornell.edu/outreach/extensionpdf/2014/Cornell-Dyson-eb1401.pdf,,,,,,,
15,Mixed Fruits & Vegetables,Grapes (Conventional),,,,7,,,Preharvest,Equipment,Variable,Spray 5 - Equipment Costs,,$13.97 ,$13.97 * 1 spray ,,http://publications.dyson.cornell.edu/outreach/extensionpdf/2014/Cornell-Dyson-eb1401.pdf,,,,,,,
15,Mixed Fruits & Vegetables,Grapes (Conventional),,,,8,,,Preharvest,Equipment,Variable,Spray 5 - Equipment Costs,,$13.97 ,$13.97 * 1 spray ,,http://publications.dyson.cornell.edu/outreach/extensionpdf/2014/Cornell-Dyson-eb1401.pdf,,,,,,,
15,Mixed Fruits & Vegetables,Grapes (Conventional),,,,9,,,Preharvest,Equipment,Variable,Spray 5 - Equipment Costs,,$13.97 ,$13.97 * 1 spray ,,http://publications.dyson.cornell.edu/outreach/extensionpdf/2014/Cornell-Dyson-eb1401.pdf,,,,,,,
15,Mixed Fruits & Vegetables,Grapes (Conventional),,,,10,,,Preharvest,Equipment,Variable,Spray 5 - Equipment Costs,,$13.97 ,$13.97 * 1 spray ,,http://publications.dyson.cornell.edu/outreach/extensionpdf/2014/Cornell-Dyson-eb1401.pdf,,,,,,,
15,Mixed Fruits & Vegetables,Grapes (Conventional),,,,11,,,Preharvest,Equipment,Variable,Spray 5 - Equipment Costs,,$13.97 ,$13.97 * 1 spray ,,http://publications.dyson.cornell.edu/outreach/extensionpdf/2014/Cornell-Dyson-eb1401.pdf,,,,,,,
15,Mixed Fruits & Vegetables,Grapes (Conventional),,,,12,,,Preharvest,Equipment,Variable,Spray 5 - Equipment Costs,,$13.97 ,$13.97 * 1 spray ,,http://publications.dyson.cornell.edu/outreach/extensionpdf/2014/Cornell-Dyson-eb1401.pdf,,,,,,,
15,Mixed Fruits & Vegetables,Grapes (Conventional),,,,13,,,Preharvest,Equipment,Variable,Spray 5 - Equipment Costs,,$13.97 ,$13.97 * 1 spray ,,http://publications.dyson.cornell.edu/outreach/extensionpdf/2014/Cornell-Dyson-eb1401.pdf,,,,,,,
15,Mixed Fruits & Vegetables,Grapes (Conventional),,,,14,,,Preharvest,Equipment,Variable,Spray 5 - Equipment Costs,,$13.97 ,$13.97 * 1 spray ,,http://publications.dyson.cornell.edu/outreach/extensionpdf/2014/Cornell-Dyson-eb1401.pdf,,,,,,,
15,Mixed Fruits & Vegetables,Grapes (Conventional),,,,15,,,Preharvest,Equipment,Variable,Spray 5 - Equipment Costs,,$13.97 ,$13.97 * 1 spray ,,http://publications.dyson.cornell.edu/outreach/extensionpdf/2014/Cornell-Dyson-eb1401.pdf,,,,,,,
15,Mixed Fruits & Vegetables,Grapes (Conventional),,,,16,,,Preharvest,Equipment,Variable,Spray 5 - Equipment Costs,,$13.97 ,$13.97 * 1 spray ,,http://publications.dyson.cornell.edu/outreach/extensionpdf/2014/Cornell-Dyson-eb1401.pdf,,,,,,,
15,Mixed Fruits & Vegetables,Grapes (Conventional),,,,17,,,Preharvest,Equipment,Variable,Spray 5 - Equipment Costs,,$13.97 ,$13.97 * 1 spray ,,http://publications.dyson.cornell.edu/outreach/extensionpdf/2014/Cornell-Dyson-eb1401.pdf,,,,,,,
15,Mixed Fruits & Vegetables,Grapes (Conventional),,,,18,,,Preharvest,Equipment,Variable,Spray 5 - Equipment Costs,,$13.97 ,$13.97 * 1 spray ,,http://publications.dyson.cornell.edu/outreach/extensionpdf/2014/Cornell-Dyson-eb1401.pdf,,,,,,,
15,Mixed Fruits & Vegetables,Grapes (Conventional),,,,19,,,Preharvest,Equipment,Variable,Spray 5 - Equipment Costs,,$13.97 ,$13.97 * 1 spray ,,http://publications.dyson.cornell.edu/outreach/extensionpdf/2014/Cornell-Dyson-eb1401.pdf,,,,,,,
15,Mixed Fruits & Vegetables,Grapes (Conventional),,,,20,,,Preharvest,Equipment,Variable,Spray 5 - Equipment Costs,,$13.97 ,$13.97 * 1 spray ,,http://publications.dyson.cornell.edu/outreach/extensionpdf/2014/Cornell-Dyson-eb1401.pdf,,,,,,,
15,Mixed Fruits & Vegetables,Grapes (Conventional),,,,21,,,Preharvest,Equipment,Variable,Spray 5 - Equipment Costs,,$13.97 ,$13.97 * 1 spray ,,http://publications.dyson.cornell.edu/outreach/extensionpdf/2014/Cornell-Dyson-eb1401.pdf,,,,,,,
15,Mixed Fruits & Vegetables,Grapes (Conventional),,,,22,,,Preharvest,Equipment,Variable,Spray 5 - Equipment Costs,,$13.97 ,$13.97 * 1 spray ,,http://publications.dyson.cornell.edu/outreach/extensionpdf/2014/Cornell-Dyson-eb1401.pdf,,,,,,,
15,Mixed Fruits & Vegetables,Grapes (Conventional),,,,4,,,Preharvest,Input,Variable,Spray 6 - Pristine 38WG,,$32.50 ,Pristine 38WG 10 oz/acre * $3.25/oz * 1 spray,,http://publications.dyson.cornell.edu/outreach/extensionpdf/2014/Cornell-Dyson-eb1401.pdf,,,,,,,
15,Mixed Fruits & Vegetables,Grapes (Conventional),,,,5,,,Preharvest,Input,Variable,Spray 6 - Pristine 38WG,,$32.50 ,Pristine 38WG 10 oz/acre * $3.25/oz * 1 spray,,http://publications.dyson.cornell.edu/outreach/extensionpdf/2014/Cornell-Dyson-eb1401.pdf,,,,,,,
15,Mixed Fruits & Vegetables,Grapes (Conventional),,,,6,,,Preharvest,Input,Variable,Spray 6 - Pristine 38WG,,$32.50 ,Pristine 38WG 10 oz/acre * $3.25/oz * 1 spray,,http://publications.dyson.cornell.edu/outreach/extensionpdf/2014/Cornell-Dyson-eb1401.pdf,,,,,,,
15,Mixed Fruits & Vegetables,Grapes (Conventional),,,,7,,,Preharvest,Input,Variable,Spray 6 - Pristine 38WG,,$32.50 ,Pristine 38WG 10 oz/acre * $3.25/oz * 1 spray,,http://publications.dyson.cornell.edu/outreach/extensionpdf/2014/Cornell-Dyson-eb1401.pdf,,,,,,,
15,Mixed Fruits & Vegetables,Grapes (Conventional),,,,8,,,Preharvest,Input,Variable,Spray 6 - Pristine 38WG,,$32.50 ,Pristine 38WG 10 oz/acre * $3.25/oz * 1 spray,,http://publications.dyson.cornell.edu/outreach/extensionpdf/2014/Cornell-Dyson-eb1401.pdf,,,,,,,
15,Mixed Fruits & Vegetables,Grapes (Conventional),,,,9,,,Preharvest,Input,Variable,Spray 6 - Pristine 38WG,,$32.50 ,Pristine 38WG 10 oz/acre * $3.25/oz * 1 spray,,http://publications.dyson.cornell.edu/outreach/extensionpdf/2014/Cornell-Dyson-eb1401.pdf,,,,,,,
15,Mixed Fruits & Vegetables,Grapes (Conventional),,,,10,,,Preharvest,Input,Variable,Spray 6 - Pristine 38WG,,$32.50 ,Pristine 38WG 10 oz/acre * $3.25/oz * 1 spray,,http://publications.dyson.cornell.edu/outreach/extensionpdf/2014/Cornell-Dyson-eb1401.pdf,,,,,,,
15,Mixed Fruits & Vegetables,Grapes (Conventional),,,,11,,,Preharvest,Input,Variable,Spray 6 - Pristine 38WG,,$32.50 ,Pristine 38WG 10 oz/acre * $3.25/oz * 1 spray,,http://publications.dyson.cornell.edu/outreach/extensionpdf/2014/Cornell-Dyson-eb1401.pdf,,,,,,,
15,Mixed Fruits & Vegetables,Grapes (Conventional),,,,12,,,Preharvest,Input,Variable,Spray 6 - Pristine 38WG,,$32.50 ,Pristine 38WG 10 oz/acre * $3.25/oz * 1 spray,,http://publications.dyson.cornell.edu/outreach/extensionpdf/2014/Cornell-Dyson-eb1401.pdf,,,,,,,
15,Mixed Fruits & Vegetables,Grapes (Conventional),,,,13,,,Preharvest,Input,Variable,Spray 6 - Pristine 38WG,,$32.50 ,Pristine 38WG 10 oz/acre * $3.25/oz * 1 spray,,http://publications.dyson.cornell.edu/outreach/extensionpdf/2014/Cornell-Dyson-eb1401.pdf,,,,,,,
15,Mixed Fruits & Vegetables,Grapes (Conventional),,,,14,,,Preharvest,Input,Variable,Spray 6 - Pristine 38WG,,$32.50 ,Pristine 38WG 10 oz/acre * $3.25/oz * 1 spray,,http://publications.dyson.cornell.edu/outreach/extensionpdf/2014/Cornell-Dyson-eb1401.pdf,,,,,,,
15,Mixed Fruits & Vegetables,Grapes (Conventional),,,,15,,,Preharvest,Input,Variable,Spray 6 - Pristine 38WG,,$32.50 ,Pristine 38WG 10 oz/acre * $3.25/oz * 1 spray,,http://publications.dyson.cornell.edu/outreach/extensionpdf/2014/Cornell-Dyson-eb1401.pdf,,,,,,,
15,Mixed Fruits & Vegetables,Grapes (Conventional),,,,16,,,Preharvest,Input,Variable,Spray 6 - Pristine 38WG,,$32.50 ,Pristine 38WG 10 oz/acre * $3.25/oz * 1 spray,,http://publications.dyson.cornell.edu/outreach/extensionpdf/2014/Cornell-Dyson-eb1401.pdf,,,,,,,
15,Mixed Fruits & Vegetables,Grapes (Conventional),,,,17,,,Preharvest,Input,Variable,Spray 6 - Pristine 38WG,,$32.50 ,Pristine 38WG 10 oz/acre * $3.25/oz * 1 spray,,http://publications.dyson.cornell.edu/outreach/extensionpdf/2014/Cornell-Dyson-eb1401.pdf,,,,,,,
15,Mixed Fruits & Vegetables,Grapes (Conventional),,,,18,,,Preharvest,Input,Variable,Spray 6 - Pristine 38WG,,$32.50 ,Pristine 38WG 10 oz/acre * $3.25/oz * 1 spray,,http://publications.dyson.cornell.edu/outreach/extensionpdf/2014/Cornell-Dyson-eb1401.pdf,,,,,,,
15,Mixed Fruits & Vegetables,Grapes (Conventional),,,,19,,,Preharvest,Input,Variable,Spray 6 - Pristine 38WG,,$32.50 ,Pristine 38WG 10 oz/acre * $3.25/oz * 1 spray,,http://publications.dyson.cornell.edu/outreach/extensionpdf/2014/Cornell-Dyson-eb1401.pdf,,,,,,,
15,Mixed Fruits & Vegetables,Grapes (Conventional),,,,20,,,Preharvest,Input,Variable,Spray 6 - Pristine 38WG,,$32.50 ,Pristine 38WG 10 oz/acre * $3.25/oz * 1 spray,,http://publications.dyson.cornell.edu/outreach/extensionpdf/2014/Cornell-Dyson-eb1401.pdf,,,,,,,
15,Mixed Fruits & Vegetables,Grapes (Conventional),,,,21,,,Preharvest,Input,Variable,Spray 6 - Pristine 38WG,,$32.50 ,Pristine 38WG 10 oz/acre * $3.25/oz * 1 spray,,http://publications.dyson.cornell.edu/outreach/extensionpdf/2014/Cornell-Dyson-eb1401.pdf,,,,,,,
15,Mixed Fruits & Vegetables,Grapes (Conventional),,,,22,,,Preharvest,Input,Variable,Spray 6 - Pristine 38WG,,$32.50 ,Pristine 38WG 10 oz/acre * $3.25/oz * 1 spray,,http://publications.dyson.cornell.edu/outreach/extensionpdf/2014/Cornell-Dyson-eb1401.pdf,,,,,,,
15,Mixed Fruits & Vegetables,Grapes (Conventional),,,,4,,,Preharvest,Input,Variable,Spray 6 - Sulfur,,$2.50 ,Sulfur 5 lbs/acre * $0.50/lb * 1 spray,,http://publications.dyson.cornell.edu/outreach/extensionpdf/2014/Cornell-Dyson-eb1401.pdf,,,,,,,
15,Mixed Fruits & Vegetables,Grapes (Conventional),,,,5,,,Preharvest,Input,Variable,Spray 6 - Sulfur,,$2.50 ,Sulfur 5 lbs/acre * $0.50/lb * 1 spray,,http://publications.dyson.cornell.edu/outreach/extensionpdf/2014/Cornell-Dyson-eb1401.pdf,,,,,,,
15,Mixed Fruits & Vegetables,Grapes (Conventional),,,,6,,,Preharvest,Input,Variable,Spray 6 - Sulfur,,$2.50 ,Sulfur 5 lbs/acre * $0.50/lb * 1 spray,,http://publications.dyson.cornell.edu/outreach/extensionpdf/2014/Cornell-Dyson-eb1401.pdf,,,,,,,
15,Mixed Fruits & Vegetables,Grapes (Conventional),,,,7,,,Preharvest,Input,Variable,Spray 6 - Sulfur,,$2.50 ,Sulfur 5 lbs/acre * $0.50/lb * 1 spray,,http://publications.dyson.cornell.edu/outreach/extensionpdf/2014/Cornell-Dyson-eb1401.pdf,,,,,,,
15,Mixed Fruits & Vegetables,Grapes (Conventional),,,,8,,,Preharvest,Input,Variable,Spray 6 - Sulfur,,$2.50 ,Sulfur 5 lbs/acre * $0.50/lb * 1 spray,,http://publications.dyson.cornell.edu/outreach/extensionpdf/2014/Cornell-Dyson-eb1401.pdf,,,,,,,
15,Mixed Fruits & Vegetables,Grapes (Conventional),,,,9,,,Preharvest,Input,Variable,Spray 6 - Sulfur,,$2.50 ,Sulfur 5 lbs/acre * $0.50/lb * 1 spray,,http://publications.dyson.cornell.edu/outreach/extensionpdf/2014/Cornell-Dyson-eb1401.pdf,,,,,,,
15,Mixed Fruits & Vegetables,Grapes (Conventional),,,,10,,,Preharvest,Input,Variable,Spray 6 - Sulfur,,$2.50 ,Sulfur 5 lbs/acre * $0.50/lb * 1 spray,,http://publications.dyson.cornell.edu/outreach/extensionpdf/2014/Cornell-Dyson-eb1401.pdf,,,,,,,
15,Mixed Fruits & Vegetables,Grapes (Conventional),,,,11,,,Preharvest,Input,Variable,Spray 6 - Sulfur,,$2.50 ,Sulfur 5 lbs/acre * $0.50/lb * 1 spray,,http://publications.dyson.cornell.edu/outreach/extensionpdf/2014/Cornell-Dyson-eb1401.pdf,,,,,,,
15,Mixed Fruits & Vegetables,Grapes (Conventional),,,,12,,,Preharvest,Input,Variable,Spray 6 - Sulfur,,$2.50 ,Sulfur 5 lbs/acre * $0.50/lb * 1 spray,,http://publications.dyson.cornell.edu/outreach/extensionpdf/2014/Cornell-Dyson-eb1401.pdf,,,,,,,
15,Mixed Fruits & Vegetables,Grapes (Conventional),,,,13,,,Preharvest,Input,Variable,Spray 6 - Sulfur,,$2.50 ,Sulfur 5 lbs/acre * $0.50/lb * 1 spray,,http://publications.dyson.cornell.edu/outreach/extensionpdf/2014/Cornell-Dyson-eb1401.pdf,,,,,,,
15,Mixed Fruits & Vegetables,Grapes (Conventional),,,,14,,,Preharvest,Input,Variable,Spray 6 - Sulfur,,$2.50 ,Sulfur 5 lbs/acre * $0.50/lb * 1 spray,,http://publications.dyson.cornell.edu/outreach/extensionpdf/2014/Cornell-Dyson-eb1401.pdf,,,,,,,
15,Mixed Fruits & Vegetables,Grapes (Conventional),,,,15,,,Preharvest,Input,Variable,Spray 6 - Sulfur,,$2.50 ,Sulfur 5 lbs/acre * $0.50/lb * 1 spray,,http://publications.dyson.cornell.edu/outreach/extensionpdf/2014/Cornell-Dyson-eb1401.pdf,,,,,,,
15,Mixed Fruits & Vegetables,Grapes (Conventional),,,,16,,,Preharvest,Input,Variable,Spray 6 - Sulfur,,$2.50 ,Sulfur 5 lbs/acre * $0.50/lb * 1 spray,,http://publications.dyson.cornell.edu/outreach/extensionpdf/2014/Cornell-Dyson-eb1401.pdf,,,,,,,
15,Mixed Fruits & Vegetables,Grapes (Conventional),,,,17,,,Preharvest,Input,Variable,Spray 6 - Sulfur,,$2.50 ,Sulfur 5 lbs/acre * $0.50/lb * 1 spray,,http://publications.dyson.cornell.edu/outreach/extensionpdf/2014/Cornell-Dyson-eb1401.pdf,,,,,,,
15,Mixed Fruits & Vegetables,Grapes (Conventional),,,,18,,,Preharvest,Input,Variable,Spray 6 - Sulfur,,$2.50 ,Sulfur 5 lbs/acre * $0.50/lb * 1 spray,,http://publications.dyson.cornell.edu/outreach/extensionpdf/2014/Cornell-Dyson-eb1401.pdf,,,,,,,
15,Mixed Fruits & Vegetables,Grapes (Conventional),,,,19,,,Preharvest,Input,Variable,Spray 6 - Sulfur,,$2.50 ,Sulfur 5 lbs/acre * $0.50/lb * 1 spray,,http://publications.dyson.cornell.edu/outreach/extensionpdf/2014/Cornell-Dyson-eb1401.pdf,,,,,,,
15,Mixed Fruits & Vegetables,Grapes (Conventional),,,,20,,,Preharvest,Input,Variable,Spray 6 - Sulfur,,$2.50 ,Sulfur 5 lbs/acre * $0.50/lb * 1 spray,,http://publications.dyson.cornell.edu/outreach/extensionpdf/2014/Cornell-Dyson-eb1401.pdf,,,,,,,
15,Mixed Fruits & Vegetables,Grapes (Conventional),,,,21,,,Preharvest,Input,Variable,Spray 6 - Sulfur,,$2.50 ,Sulfur 5 lbs/acre * $0.50/lb * 1 spray,,http://publications.dyson.cornell.edu/outreach/extensionpdf/2014/Cornell-Dyson-eb1401.pdf,,,,,,,
15,Mixed Fruits & Vegetables,Grapes (Conventional),,,,22,,,Preharvest,Input,Variable,Spray 6 - Sulfur,,$2.50 ,Sulfur 5 lbs/acre * $0.50/lb * 1 spray,,http://publications.dyson.cornell.edu/outreach/extensionpdf/2014/Cornell-Dyson-eb1401.pdf,,,,,,,
15,Mixed Fruits & Vegetables,Grapes (Conventional),,,,4,,,Preharvest,Labor,Variable,Spray 6 - Skilled Labor Costs,0.6,$12.00 ,0.6 hours * $20/hour * 1 spray,,http://publications.dyson.cornell.edu/outreach/extensionpdf/2014/Cornell-Dyson-eb1401.pdf,,,,,,,
15,Mixed Fruits & Vegetables,Grapes (Conventional),,,,5,,,Preharvest,Labor,Variable,Spray 6 - Skilled Labor Costs,0.6,$12.00 ,0.6 hours * $20/hour * 1 spray,,http://publications.dyson.cornell.edu/outreach/extensionpdf/2014/Cornell-Dyson-eb1401.pdf,,,,,,,
15,Mixed Fruits & Vegetables,Grapes (Conventional),,,,6,,,Preharvest,Labor,Variable,Spray 6 - Skilled Labor Costs,0.6,$12.00 ,0.6 hours * $20/hour * 1 spray,,http://publications.dyson.cornell.edu/outreach/extensionpdf/2014/Cornell-Dyson-eb1401.pdf,,,,,,,
15,Mixed Fruits & Vegetables,Grapes (Conventional),,,,7,,,Preharvest,Labor,Variable,Spray 6 - Skilled Labor Costs,0.6,$12.00 ,0.6 hours * $20/hour * 1 spray,,http://publications.dyson.cornell.edu/outreach/extensionpdf/2014/Cornell-Dyson-eb1401.pdf,,,,,,,
15,Mixed Fruits & Vegetables,Grapes (Conventional),,,,8,,,Preharvest,Labor,Variable,Spray 6 - Skilled Labor Costs,0.6,$12.00 ,0.6 hours * $20/hour * 1 spray,,http://publications.dyson.cornell.edu/outreach/extensionpdf/2014/Cornell-Dyson-eb1401.pdf,,,,,,,
15,Mixed Fruits & Vegetables,Grapes (Conventional),,,,9,,,Preharvest,Labor,Variable,Spray 6 - Skilled Labor Costs,0.6,$12.00 ,0.6 hours * $20/hour * 1 spray,,http://publications.dyson.cornell.edu/outreach/extensionpdf/2014/Cornell-Dyson-eb1401.pdf,,,,,,,
15,Mixed Fruits & Vegetables,Grapes (Conventional),,,,10,,,Preharvest,Labor,Variable,Spray 6 - Skilled Labor Costs,0.6,$12.00 ,0.6 hours * $20/hour * 1 spray,,http://publications.dyson.cornell.edu/outreach/extensionpdf/2014/Cornell-Dyson-eb1401.pdf,,,,,,,
15,Mixed Fruits & Vegetables,Grapes (Conventional),,,,11,,,Preharvest,Labor,Variable,Spray 6 - Skilled Labor Costs,0.6,$12.00 ,0.6 hours * $20/hour * 1 spray,,http://publications.dyson.cornell.edu/outreach/extensionpdf/2014/Cornell-Dyson-eb1401.pdf,,,,,,,
15,Mixed Fruits & Vegetables,Grapes (Conventional),,,,12,,,Preharvest,Labor,Variable,Spray 6 - Skilled Labor Costs,0.6,$12.00 ,0.6 hours * $20/hour * 1 spray,,http://publications.dyson.cornell.edu/outreach/extensionpdf/2014/Cornell-Dyson-eb1401.pdf,,,,,,,
15,Mixed Fruits & Vegetables,Grapes (Conventional),,,,13,,,Preharvest,Labor,Variable,Spray 6 - Skilled Labor Costs,0.6,$12.00 ,0.6 hours * $20/hour * 1 spray,,http://publications.dyson.cornell.edu/outreach/extensionpdf/2014/Cornell-Dyson-eb1401.pdf,,,,,,,
15,Mixed Fruits & Vegetables,Grapes (Conventional),,,,14,,,Preharvest,Labor,Variable,Spray 6 - Skilled Labor Costs,0.6,$12.00 ,0.6 hours * $20/hour * 1 spray,,http://publications.dyson.cornell.edu/outreach/extensionpdf/2014/Cornell-Dyson-eb1401.pdf,,,,,,,
15,Mixed Fruits & Vegetables,Grapes (Conventional),,,,15,,,Preharvest,Labor,Variable,Spray 6 - Skilled Labor Costs,0.6,$12.00 ,0.6 hours * $20/hour * 1 spray,,http://publications.dyson.cornell.edu/outreach/extensionpdf/2014/Cornell-Dyson-eb1401.pdf,,,,,,,
15,Mixed Fruits & Vegetables,Grapes (Conventional),,,,16,,,Preharvest,Labor,Variable,Spray 6 - Skilled Labor Costs,0.6,$12.00 ,0.6 hours * $20/hour * 1 spray,,http://publications.dyson.cornell.edu/outreach/extensionpdf/2014/Cornell-Dyson-eb1401.pdf,,,,,,,
15,Mixed Fruits & Vegetables,Grapes (Conventional),,,,17,,,Preharvest,Labor,Variable,Spray 6 - Skilled Labor Costs,0.6,$12.00 ,0.6 hours * $20/hour * 1 spray,,http://publications.dyson.cornell.edu/outreach/extensionpdf/2014/Cornell-Dyson-eb1401.pdf,,,,,,,
15,Mixed Fruits & Vegetables,Grapes (Conventional),,,,18,,,Preharvest,Labor,Variable,Spray 6 - Skilled Labor Costs,0.6,$12.00 ,0.6 hours * $20/hour * 1 spray,,http://publications.dyson.cornell.edu/outreach/extensionpdf/2014/Cornell-Dyson-eb1401.pdf,,,,,,,
15,Mixed Fruits & Vegetables,Grapes (Conventional),,,,19,,,Preharvest,Labor,Variable,Spray 6 - Skilled Labor Costs,0.6,$12.00 ,0.6 hours * $20/hour * 1 spray,,http://publications.dyson.cornell.edu/outreach/extensionpdf/2014/Cornell-Dyson-eb1401.pdf,,,,,,,
15,Mixed Fruits & Vegetables,Grapes (Conventional),,,,20,,,Preharvest,Labor,Variable,Spray 6 - Skilled Labor Costs,0.6,$12.00 ,0.6 hours * $20/hour * 1 spray,,http://publications.dyson.cornell.edu/outreach/extensionpdf/2014/Cornell-Dyson-eb1401.pdf,,,,,,,
15,Mixed Fruits & Vegetables,Grapes (Conventional),,,,21,,,Preharvest,Labor,Variable,Spray 6 - Skilled Labor Costs,0.6,$12.00 ,0.6 hours * $20/hour * 1 spray,,http://publications.dyson.cornell.edu/outreach/extensionpdf/2014/Cornell-Dyson-eb1401.pdf,,,,,,,
15,Mixed Fruits & Vegetables,Grapes (Conventional),,,,22,,,Preharvest,Labor,Variable,Spray 6 - Skilled Labor Costs,0.6,$12.00 ,0.6 hours * $20/hour * 1 spray,,http://publications.dyson.cornell.edu/outreach/extensionpdf/2014/Cornell-Dyson-eb1401.pdf,,,,,,,
15,Mixed Fruits & Vegetables,Grapes (Conventional),,,,4,,,Preharvest,Equipment,Variable,Spray 6 - Equipment Costs,,$13.97 ,$13.97 * 1 spray ,,http://publications.dyson.cornell.edu/outreach/extensionpdf/2014/Cornell-Dyson-eb1401.pdf,,,,,,,
15,Mixed Fruits & Vegetables,Grapes (Conventional),,,,5,,,Preharvest,Equipment,Variable,Spray 6 - Equipment Costs,,$13.97 ,$13.97 * 1 spray ,,http://publications.dyson.cornell.edu/outreach/extensionpdf/2014/Cornell-Dyson-eb1401.pdf,,,,,,,
15,Mixed Fruits & Vegetables,Grapes (Conventional),,,,6,,,Preharvest,Equipment,Variable,Spray 6 - Equipment Costs,,$13.97 ,$13.97 * 1 spray ,,http://publications.dyson.cornell.edu/outreach/extensionpdf/2014/Cornell-Dyson-eb1401.pdf,,,,,,,
15,Mixed Fruits & Vegetables,Grapes (Conventional),,,,7,,,Preharvest,Equipment,Variable,Spray 6 - Equipment Costs,,$13.97 ,$13.97 * 1 spray ,,http://publications.dyson.cornell.edu/outreach/extensionpdf/2014/Cornell-Dyson-eb1401.pdf,,,,,,,
15,Mixed Fruits & Vegetables,Grapes (Conventional),,,,8,,,Preharvest,Equipment,Variable,Spray 6 - Equipment Costs,,$13.97 ,$13.97 * 1 spray ,,http://publications.dyson.cornell.edu/outreach/extensionpdf/2014/Cornell-Dyson-eb1401.pdf,,,,,,,
15,Mixed Fruits & Vegetables,Grapes (Conventional),,,,9,,,Preharvest,Equipment,Variable,Spray 6 - Equipment Costs,,$13.97 ,$13.97 * 1 spray ,,http://publications.dyson.cornell.edu/outreach/extensionpdf/2014/Cornell-Dyson-eb1401.pdf,,,,,,,
15,Mixed Fruits & Vegetables,Grapes (Conventional),,,,10,,,Preharvest,Equipment,Variable,Spray 6 - Equipment Costs,,$13.97 ,$13.97 * 1 spray ,,http://publications.dyson.cornell.edu/outreach/extensionpdf/2014/Cornell-Dyson-eb1401.pdf,,,,,,,
15,Mixed Fruits & Vegetables,Grapes (Conventional),,,,11,,,Preharvest,Equipment,Variable,Spray 6 - Equipment Costs,,$13.97 ,$13.97 * 1 spray ,,http://publications.dyson.cornell.edu/outreach/extensionpdf/2014/Cornell-Dyson-eb1401.pdf,,,,,,,
15,Mixed Fruits & Vegetables,Grapes (Conventional),,,,12,,,Preharvest,Equipment,Variable,Spray 6 - Equipment Costs,,$13.97 ,$13.97 * 1 spray ,,http://publications.dyson.cornell.edu/outreach/extensionpdf/2014/Cornell-Dyson-eb1401.pdf,,,,,,,
15,Mixed Fruits & Vegetables,Grapes (Conventional),,,,13,,,Preharvest,Equipment,Variable,Spray 6 - Equipment Costs,,$13.97 ,$13.97 * 1 spray ,,http://publications.dyson.cornell.edu/outreach/extensionpdf/2014/Cornell-Dyson-eb1401.pdf,,,,,,,
15,Mixed Fruits & Vegetables,Grapes (Conventional),,,,14,,,Preharvest,Equipment,Variable,Spray 6 - Equipment Costs,,$13.97 ,$13.97 * 1 spray ,,http://publications.dyson.cornell.edu/outreach/extensionpdf/2014/Cornell-Dyson-eb1401.pdf,,,,,,,
15,Mixed Fruits & Vegetables,Grapes (Conventional),,,,15,,,Preharvest,Equipment,Variable,Spray 6 - Equipment Costs,,$13.97 ,$13.97 * 1 spray ,,http://publications.dyson.cornell.edu/outreach/extensionpdf/2014/Cornell-Dyson-eb1401.pdf,,,,,,,
15,Mixed Fruits & Vegetables,Grapes (Conventional),,,,16,,,Preharvest,Equipment,Variable,Spray 6 - Equipment Costs,,$13.97 ,$13.97 * 1 spray ,,http://publications.dyson.cornell.edu/outreach/extensionpdf/2014/Cornell-Dyson-eb1401.pdf,,,,,,,
15,Mixed Fruits & Vegetables,Grapes (Conventional),,,,17,,,Preharvest,Equipment,Variable,Spray 6 - Equipment Costs,,$13.97 ,$13.97 * 1 spray ,,http://publications.dyson.cornell.edu/outreach/extensionpdf/2014/Cornell-Dyson-eb1401.pdf,,,,,,,
15,Mixed Fruits & Vegetables,Grapes (Conventional),,,,18,,,Preharvest,Equipment,Variable,Spray 6 - Equipment Costs,,$13.97 ,$13.97 * 1 spray ,,http://publications.dyson.cornell.edu/outreach/extensionpdf/2014/Cornell-Dyson-eb1401.pdf,,,,,,,
15,Mixed Fruits & Vegetables,Grapes (Conventional),,,,19,,,Preharvest,Equipment,Variable,Spray 6 - Equipment Costs,,$13.97 ,$13.97 * 1 spray ,,http://publications.dyson.cornell.edu/outreach/extensionpdf/2014/Cornell-Dyson-eb1401.pdf,,,,,,,
15,Mixed Fruits & Vegetables,Grapes (Conventional),,,,20,,,Preharvest,Equipment,Variable,Spray 6 - Equipment Costs,,$13.97 ,$13.97 * 1 spray ,,http://publications.dyson.cornell.edu/outreach/extensionpdf/2014/Cornell-Dyson-eb1401.pdf,,,,,,,
15,Mixed Fruits & Vegetables,Grapes (Conventional),,,,21,,,Preharvest,Equipment,Variable,Spray 6 - Equipment Costs,,$13.97 ,$13.97 * 1 spray ,,http://publications.dyson.cornell.edu/outreach/extensionpdf/2014/Cornell-Dyson-eb1401.pdf,,,,,,,
15,Mixed Fruits & Vegetables,Grapes (Conventional),,,,22,,,Preharvest,Equipment,Variable,Spray 6 - Equipment Costs,,$13.97 ,$13.97 * 1 spray ,,http://publications.dyson.cornell.edu/outreach/extensionpdf/2014/Cornell-Dyson-eb1401.pdf,,,,,,,
15,Mixed Fruits & Vegetables,Grapes (Conventional),,,,4,,,Preharvest,Input,Variable,Spray 7 - Revus Top,,$16.38 ,Revus Top 7 oz/acre * $2.34/oz * 1 spray,,http://publications.dyson.cornell.edu/outreach/extensionpdf/2014/Cornell-Dyson-eb1401.pdf,,,,,,,
15,Mixed Fruits & Vegetables,Grapes (Conventional),,,,5,,,Preharvest,Input,Variable,Spray 7 - Revus Top,,$16.38 ,Revus Top 7 oz/acre * $2.34/oz * 1 spray,,http://publications.dyson.cornell.edu/outreach/extensionpdf/2014/Cornell-Dyson-eb1401.pdf,,,,,,,
15,Mixed Fruits & Vegetables,Grapes (Conventional),,,,6,,,Preharvest,Input,Variable,Spray 7 - Revus Top,,$16.38 ,Revus Top 7 oz/acre * $2.34/oz * 1 spray,,http://publications.dyson.cornell.edu/outreach/extensionpdf/2014/Cornell-Dyson-eb1401.pdf,,,,,,,
15,Mixed Fruits & Vegetables,Grapes (Conventional),,,,7,,,Preharvest,Input,Variable,Spray 7 - Revus Top,,$16.38 ,Revus Top 7 oz/acre * $2.34/oz * 1 spray,,http://publications.dyson.cornell.edu/outreach/extensionpdf/2014/Cornell-Dyson-eb1401.pdf,,,,,,,
15,Mixed Fruits & Vegetables,Grapes (Conventional),,,,8,,,Preharvest,Input,Variable,Spray 7 - Revus Top,,$16.38 ,Revus Top 7 oz/acre * $2.34/oz * 1 spray,,http://publications.dyson.cornell.edu/outreach/extensionpdf/2014/Cornell-Dyson-eb1401.pdf,,,,,,,
15,Mixed Fruits & Vegetables,Grapes (Conventional),,,,9,,,Preharvest,Input,Variable,Spray 7 - Revus Top,,$16.38 ,Revus Top 7 oz/acre * $2.34/oz * 1 spray,,http://publications.dyson.cornell.edu/outreach/extensionpdf/2014/Cornell-Dyson-eb1401.pdf,,,,,,,
15,Mixed Fruits & Vegetables,Grapes (Conventional),,,,10,,,Preharvest,Input,Variable,Spray 7 - Revus Top,,$16.38 ,Revus Top 7 oz/acre * $2.34/oz * 1 spray,,http://publications.dyson.cornell.edu/outreach/extensionpdf/2014/Cornell-Dyson-eb1401.pdf,,,,,,,
15,Mixed Fruits & Vegetables,Grapes (Conventional),,,,11,,,Preharvest,Input,Variable,Spray 7 - Revus Top,,$16.38 ,Revus Top 7 oz/acre * $2.34/oz * 1 spray,,http://publications.dyson.cornell.edu/outreach/extensionpdf/2014/Cornell-Dyson-eb1401.pdf,,,,,,,
15,Mixed Fruits & Vegetables,Grapes (Conventional),,,,12,,,Preharvest,Input,Variable,Spray 7 - Revus Top,,$16.38 ,Revus Top 7 oz/acre * $2.34/oz * 1 spray,,http://publications.dyson.cornell.edu/outreach/extensionpdf/2014/Cornell-Dyson-eb1401.pdf,,,,,,,
15,Mixed Fruits & Vegetables,Grapes (Conventional),,,,13,,,Preharvest,Input,Variable,Spray 7 - Revus Top,,$16.38 ,Revus Top 7 oz/acre * $2.34/oz * 1 spray,,http://publications.dyson.cornell.edu/outreach/extensionpdf/2014/Cornell-Dyson-eb1401.pdf,,,,,,,
15,Mixed Fruits & Vegetables,Grapes (Conventional),,,,14,,,Preharvest,Input,Variable,Spray 7 - Revus Top,,$16.38 ,Revus Top 7 oz/acre * $2.34/oz * 1 spray,,http://publications.dyson.cornell.edu/outreach/extensionpdf/2014/Cornell-Dyson-eb1401.pdf,,,,,,,
15,Mixed Fruits & Vegetables,Grapes (Conventional),,,,15,,,Preharvest,Input,Variable,Spray 7 - Revus Top,,$16.38 ,Revus Top 7 oz/acre * $2.34/oz * 1 spray,,http://publications.dyson.cornell.edu/outreach/extensionpdf/2014/Cornell-Dyson-eb1401.pdf,,,,,,,
15,Mixed Fruits & Vegetables,Grapes (Conventional),,,,16,,,Preharvest,Input,Variable,Spray 7 - Revus Top,,$16.38 ,Revus Top 7 oz/acre * $2.34/oz * 1 spray,,http://publications.dyson.cornell.edu/outreach/extensionpdf/2014/Cornell-Dyson-eb1401.pdf,,,,,,,
15,Mixed Fruits & Vegetables,Grapes (Conventional),,,,17,,,Preharvest,Input,Variable,Spray 7 - Revus Top,,$16.38 ,Revus Top 7 oz/acre * $2.34/oz * 1 spray,,http://publications.dyson.cornell.edu/outreach/extensionpdf/2014/Cornell-Dyson-eb1401.pdf,,,,,,,
15,Mixed Fruits & Vegetables,Grapes (Conventional),,,,18,,,Preharvest,Input,Variable,Spray 7 - Revus Top,,$16.38 ,Revus Top 7 oz/acre * $2.34/oz * 1 spray,,http://publications.dyson.cornell.edu/outreach/extensionpdf/2014/Cornell-Dyson-eb1401.pdf,,,,,,,
15,Mixed Fruits & Vegetables,Grapes (Conventional),,,,19,,,Preharvest,Input,Variable,Spray 7 - Revus Top,,$16.38 ,Revus Top 7 oz/acre * $2.34/oz * 1 spray,,http://publications.dyson.cornell.edu/outreach/extensionpdf/2014/Cornell-Dyson-eb1401.pdf,,,,,,,
15,Mixed Fruits & Vegetables,Grapes (Conventional),,,,20,,,Preharvest,Input,Variable,Spray 7 - Revus Top,,$16.38 ,Revus Top 7 oz/acre * $2.34/oz * 1 spray,,http://publications.dyson.cornell.edu/outreach/extensionpdf/2014/Cornell-Dyson-eb1401.pdf,,,,,,,
15,Mixed Fruits & Vegetables,Grapes (Conventional),,,,21,,,Preharvest,Input,Variable,Spray 7 - Revus Top,,$16.38 ,Revus Top 7 oz/acre * $2.34/oz * 1 spray,,http://publications.dyson.cornell.edu/outreach/extensionpdf/2014/Cornell-Dyson-eb1401.pdf,,,,,,,
15,Mixed Fruits & Vegetables,Grapes (Conventional),,,,22,,,Preharvest,Input,Variable,Spray 7 - Revus Top,,$16.38 ,Revus Top 7 oz/acre * $2.34/oz * 1 spray,,http://publications.dyson.cornell.edu/outreach/extensionpdf/2014/Cornell-Dyson-eb1401.pdf,,,,,,,
15,Mixed Fruits & Vegetables,Grapes (Conventional),,,,4,,,Preharvest,Input,Variable,Spray 7 - Carvaryl 4L,,$22.50 ,Carvaryl 4L 2 qt/acre * $45/gal * 1 spray,,http://publications.dyson.cornell.edu/outreach/extensionpdf/2014/Cornell-Dyson-eb1401.pdf,,,,,,,
15,Mixed Fruits & Vegetables,Grapes (Conventional),,,,5,,,Preharvest,Input,Variable,Spray 7 - Carvaryl 4L,,$22.50 ,Carvaryl 4L 2 qt/acre * $45/gal * 1 spray,,http://publications.dyson.cornell.edu/outreach/extensionpdf/2014/Cornell-Dyson-eb1401.pdf,,,,,,,
15,Mixed Fruits & Vegetables,Grapes (Conventional),,,,6,,,Preharvest,Input,Variable,Spray 7 - Carvaryl 4L,,$22.50 ,Carvaryl 4L 2 qt/acre * $45/gal * 1 spray,,http://publications.dyson.cornell.edu/outreach/extensionpdf/2014/Cornell-Dyson-eb1401.pdf,,,,,,,
15,Mixed Fruits & Vegetables,Grapes (Conventional),,,,7,,,Preharvest,Input,Variable,Spray 7 - Carvaryl 4L,,$22.50 ,Carvaryl 4L 2 qt/acre * $45/gal * 1 spray,,http://publications.dyson.cornell.edu/outreach/extensionpdf/2014/Cornell-Dyson-eb1401.pdf,,,,,,,
15,Mixed Fruits & Vegetables,Grapes (Conventional),,,,8,,,Preharvest,Input,Variable,Spray 7 - Carvaryl 4L,,$22.50 ,Carvaryl 4L 2 qt/acre * $45/gal * 1 spray,,http://publications.dyson.cornell.edu/outreach/extensionpdf/2014/Cornell-Dyson-eb1401.pdf,,,,,,,
15,Mixed Fruits & Vegetables,Grapes (Conventional),,,,9,,,Preharvest,Input,Variable,Spray 7 - Carvaryl 4L,,$22.50 ,Carvaryl 4L 2 qt/acre * $45/gal * 1 spray,,http://publications.dyson.cornell.edu/outreach/extensionpdf/2014/Cornell-Dyson-eb1401.pdf,,,,,,,
15,Mixed Fruits & Vegetables,Grapes (Conventional),,,,10,,,Preharvest,Input,Variable,Spray 7 - Carvaryl 4L,,$22.50 ,Carvaryl 4L 2 qt/acre * $45/gal * 1 spray,,http://publications.dyson.cornell.edu/outreach/extensionpdf/2014/Cornell-Dyson-eb1401.pdf,,,,,,,
15,Mixed Fruits & Vegetables,Grapes (Conventional),,,,11,,,Preharvest,Input,Variable,Spray 7 - Carvaryl 4L,,$22.50 ,Carvaryl 4L 2 qt/acre * $45/gal * 1 spray,,http://publications.dyson.cornell.edu/outreach/extensionpdf/2014/Cornell-Dyson-eb1401.pdf,,,,,,,
15,Mixed Fruits & Vegetables,Grapes (Conventional),,,,12,,,Preharvest,Input,Variable,Spray 7 - Carvaryl 4L,,$22.50 ,Carvaryl 4L 2 qt/acre * $45/gal * 1 spray,,http://publications.dyson.cornell.edu/outreach/extensionpdf/2014/Cornell-Dyson-eb1401.pdf,,,,,,,
15,Mixed Fruits & Vegetables,Grapes (Conventional),,,,13,,,Preharvest,Input,Variable,Spray 7 - Carvaryl 4L,,$22.50 ,Carvaryl 4L 2 qt/acre * $45/gal * 1 spray,,http://publications.dyson.cornell.edu/outreach/extensionpdf/2014/Cornell-Dyson-eb1401.pdf,,,,,,,
15,Mixed Fruits & Vegetables,Grapes (Conventional),,,,14,,,Preharvest,Input,Variable,Spray 7 - Carvaryl 4L,,$22.50 ,Carvaryl 4L 2 qt/acre * $45/gal * 1 spray,,http://publications.dyson.cornell.edu/outreach/extensionpdf/2014/Cornell-Dyson-eb1401.pdf,,,,,,,
15,Mixed Fruits & Vegetables,Grapes (Conventional),,,,15,,,Preharvest,Input,Variable,Spray 7 - Carvaryl 4L,,$22.50 ,Carvaryl 4L 2 qt/acre * $45/gal * 1 spray,,http://publications.dyson.cornell.edu/outreach/extensionpdf/2014/Cornell-Dyson-eb1401.pdf,,,,,,,
15,Mixed Fruits & Vegetables,Grapes (Conventional),,,,16,,,Preharvest,Input,Variable,Spray 7 - Carvaryl 4L,,$22.50 ,Carvaryl 4L 2 qt/acre * $45/gal * 1 spray,,http://publications.dyson.cornell.edu/outreach/extensionpdf/2014/Cornell-Dyson-eb1401.pdf,,,,,,,
15,Mixed Fruits & Vegetables,Grapes (Conventional),,,,17,,,Preharvest,Input,Variable,Spray 7 - Carvaryl 4L,,$22.50 ,Carvaryl 4L 2 qt/acre * $45/gal * 1 spray,,http://publications.dyson.cornell.edu/outreach/extensionpdf/2014/Cornell-Dyson-eb1401.pdf,,,,,,,
15,Mixed Fruits & Vegetables,Grapes (Conventional),,,,18,,,Preharvest,Input,Variable,Spray 7 - Carvaryl 4L,,$22.50 ,Carvaryl 4L 2 qt/acre * $45/gal * 1 spray,,http://publications.dyson.cornell.edu/outreach/extensionpdf/2014/Cornell-Dyson-eb1401.pdf,,,,,,,
15,Mixed Fruits & Vegetables,Grapes (Conventional),,,,19,,,Preharvest,Input,Variable,Spray 7 - Carvaryl 4L,,$22.50 ,Carvaryl 4L 2 qt/acre * $45/gal * 1 spray,,http://publications.dyson.cornell.edu/outreach/extensionpdf/2014/Cornell-Dyson-eb1401.pdf,,,,,,,
15,Mixed Fruits & Vegetables,Grapes (Conventional),,,,20,,,Preharvest,Input,Variable,Spray 7 - Carvaryl 4L,,$22.50 ,Carvaryl 4L 2 qt/acre * $45/gal * 1 spray,,http://publications.dyson.cornell.edu/outreach/extensionpdf/2014/Cornell-Dyson-eb1401.pdf,,,,,,,
15,Mixed Fruits & Vegetables,Grapes (Conventional),,,,21,,,Preharvest,Input,Variable,Spray 7 - Carvaryl 4L,,$22.50 ,Carvaryl 4L 2 qt/acre * $45/gal * 1 spray,,http://publications.dyson.cornell.edu/outreach/extensionpdf/2014/Cornell-Dyson-eb1401.pdf,,,,,,,
15,Mixed Fruits & Vegetables,Grapes (Conventional),,,,22,,,Preharvest,Input,Variable,Spray 7 - Carvaryl 4L,,$22.50 ,Carvaryl 4L 2 qt/acre * $45/gal * 1 spray,,http://publications.dyson.cornell.edu/outreach/extensionpdf/2014/Cornell-Dyson-eb1401.pdf,,,,,,,
15,Mixed Fruits & Vegetables,Grapes (Conventional),,,,4,,,Preharvest,Input,Variable,Spray 7 - Spreader,,$0.63 ,Spreader 4 oz./acre * $20/gal * 1 spray,,http://publications.dyson.cornell.edu/outreach/extensionpdf/2014/Cornell-Dyson-eb1401.pdf,,,,,,,
15,Mixed Fruits & Vegetables,Grapes (Conventional),,,,5,,,Preharvest,Input,Variable,Spray 7 - Spreader,,$0.63 ,Spreader 4 oz./acre * $20/gal * 1 spray,,http://publications.dyson.cornell.edu/outreach/extensionpdf/2014/Cornell-Dyson-eb1401.pdf,,,,,,,
15,Mixed Fruits & Vegetables,Grapes (Conventional),,,,6,,,Preharvest,Input,Variable,Spray 7 - Spreader,,$0.63 ,Spreader 4 oz./acre * $20/gal * 1 spray,,http://publications.dyson.cornell.edu/outreach/extensionpdf/2014/Cornell-Dyson-eb1401.pdf,,,,,,,
15,Mixed Fruits & Vegetables,Grapes (Conventional),,,,7,,,Preharvest,Input,Variable,Spray 7 - Spreader,,$0.63 ,Spreader 4 oz./acre * $20/gal * 1 spray,,http://publications.dyson.cornell.edu/outreach/extensionpdf/2014/Cornell-Dyson-eb1401.pdf,,,,,,,
15,Mixed Fruits & Vegetables,Grapes (Conventional),,,,8,,,Preharvest,Input,Variable,Spray 7 - Spreader,,$0.63 ,Spreader 4 oz./acre * $20/gal * 1 spray,,http://publications.dyson.cornell.edu/outreach/extensionpdf/2014/Cornell-Dyson-eb1401.pdf,,,,,,,
15,Mixed Fruits & Vegetables,Grapes (Conventional),,,,9,,,Preharvest,Input,Variable,Spray 7 - Spreader,,$0.63 ,Spreader 4 oz./acre * $20/gal * 1 spray,,http://publications.dyson.cornell.edu/outreach/extensionpdf/2014/Cornell-Dyson-eb1401.pdf,,,,,,,
15,Mixed Fruits & Vegetables,Grapes (Conventional),,,,10,,,Preharvest,Input,Variable,Spray 7 - Spreader,,$0.63 ,Spreader 4 oz./acre * $20/gal * 1 spray,,http://publications.dyson.cornell.edu/outreach/extensionpdf/2014/Cornell-Dyson-eb1401.pdf,,,,,,,
15,Mixed Fruits & Vegetables,Grapes (Conventional),,,,11,,,Preharvest,Input,Variable,Spray 7 - Spreader,,$0.63 ,Spreader 4 oz./acre * $20/gal * 1 spray,,http://publications.dyson.cornell.edu/outreach/extensionpdf/2014/Cornell-Dyson-eb1401.pdf,,,,,,,
15,Mixed Fruits & Vegetables,Grapes (Conventional),,,,12,,,Preharvest,Input,Variable,Spray 7 - Spreader,,$0.63 ,Spreader 4 oz./acre * $20/gal * 1 spray,,http://publications.dyson.cornell.edu/outreach/extensionpdf/2014/Cornell-Dyson-eb1401.pdf,,,,,,,
15,Mixed Fruits & Vegetables,Grapes (Conventional),,,,13,,,Preharvest,Input,Variable,Spray 7 - Spreader,,$0.63 ,Spreader 4 oz./acre * $20/gal * 1 spray,,http://publications.dyson.cornell.edu/outreach/extensionpdf/2014/Cornell-Dyson-eb1401.pdf,,,,,,,
15,Mixed Fruits & Vegetables,Grapes (Conventional),,,,14,,,Preharvest,Input,Variable,Spray 7 - Spreader,,$0.63 ,Spreader 4 oz./acre * $20/gal * 1 spray,,http://publications.dyson.cornell.edu/outreach/extensionpdf/2014/Cornell-Dyson-eb1401.pdf,,,,,,,
15,Mixed Fruits & Vegetables,Grapes (Conventional),,,,15,,,Preharvest,Input,Variable,Spray 7 - Spreader,,$0.63 ,Spreader 4 oz./acre * $20/gal * 1 spray,,http://publications.dyson.cornell.edu/outreach/extensionpdf/2014/Cornell-Dyson-eb1401.pdf,,,,,,,
15,Mixed Fruits & Vegetables,Grapes (Conventional),,,,16,,,Preharvest,Input,Variable,Spray 7 - Spreader,,$0.63 ,Spreader 4 oz./acre * $20/gal * 1 spray,,http://publications.dyson.cornell.edu/outreach/extensionpdf/2014/Cornell-Dyson-eb1401.pdf,,,,,,,
15,Mixed Fruits & Vegetables,Grapes (Conventional),,,,17,,,Preharvest,Input,Variable,Spray 7 - Spreader,,$0.63 ,Spreader 4 oz./acre * $20/gal * 1 spray,,http://publications.dyson.cornell.edu/outreach/extensionpdf/2014/Cornell-Dyson-eb1401.pdf,,,,,,,
15,Mixed Fruits & Vegetables,Grapes (Conventional),,,,18,,,Preharvest,Input,Variable,Spray 7 - Spreader,,$0.63 ,Spreader 4 oz./acre * $20/gal * 1 spray,,http://publications.dyson.cornell.edu/outreach/extensionpdf/2014/Cornell-Dyson-eb1401.pdf,,,,,,,
15,Mixed Fruits & Vegetables,Grapes (Conventional),,,,19,,,Preharvest,Input,Variable,Spray 7 - Spreader,,$0.63 ,Spreader 4 oz./acre * $20/gal * 1 spray,,http://publications.dyson.cornell.edu/outreach/extensionpdf/2014/Cornell-Dyson-eb1401.pdf,,,,,,,
15,Mixed Fruits & Vegetables,Grapes (Conventional),,,,20,,,Preharvest,Input,Variable,Spray 7 - Spreader,,$0.63 ,Spreader 4 oz./acre * $20/gal * 1 spray,,http://publications.dyson.cornell.edu/outreach/extensionpdf/2014/Cornell-Dyson-eb1401.pdf,,,,,,,
15,Mixed Fruits & Vegetables,Grapes (Conventional),,,,21,,,Preharvest,Input,Variable,Spray 7 - Spreader,,$0.63 ,Spreader 4 oz./acre * $20/gal * 1 spray,,http://publications.dyson.cornell.edu/outreach/extensionpdf/2014/Cornell-Dyson-eb1401.pdf,,,,,,,
15,Mixed Fruits & Vegetables,Grapes (Conventional),,,,22,,,Preharvest,Input,Variable,Spray 7 - Spreader,,$0.63 ,Spreader 4 oz./acre * $20/gal * 1 spray,,http://publications.dyson.cornell.edu/outreach/extensionpdf/2014/Cornell-Dyson-eb1401.pdf,,,,,,,
15,Mixed Fruits & Vegetables,Grapes (Conventional),,,,4,,,Preharvest,Labor,Variable,Spray 7 - Skilled Labor Costs,0.6,$12.00 ,0.6 hours * $20/hour * 1 spray,,http://publications.dyson.cornell.edu/outreach/extensionpdf/2014/Cornell-Dyson-eb1401.pdf,,,,,,,
15,Mixed Fruits & Vegetables,Grapes (Conventional),,,,5,,,Preharvest,Labor,Variable,Spray 7 - Skilled Labor Costs,0.6,$12.00 ,0.6 hours * $20/hour * 1 spray,,http://publications.dyson.cornell.edu/outreach/extensionpdf/2014/Cornell-Dyson-eb1401.pdf,,,,,,,
15,Mixed Fruits & Vegetables,Grapes (Conventional),,,,6,,,Preharvest,Labor,Variable,Spray 7 - Skilled Labor Costs,0.6,$12.00 ,0.6 hours * $20/hour * 1 spray,,http://publications.dyson.cornell.edu/outreach/extensionpdf/2014/Cornell-Dyson-eb1401.pdf,,,,,,,
15,Mixed Fruits & Vegetables,Grapes (Conventional),,,,7,,,Preharvest,Labor,Variable,Spray 7 - Skilled Labor Costs,0.6,$12.00 ,0.6 hours * $20/hour * 1 spray,,http://publications.dyson.cornell.edu/outreach/extensionpdf/2014/Cornell-Dyson-eb1401.pdf,,,,,,,
15,Mixed Fruits & Vegetables,Grapes (Conventional),,,,8,,,Preharvest,Labor,Variable,Spray 7 - Skilled Labor Costs,0.6,$12.00 ,0.6 hours * $20/hour * 1 spray,,http://publications.dyson.cornell.edu/outreach/extensionpdf/2014/Cornell-Dyson-eb1401.pdf,,,,,,,
15,Mixed Fruits & Vegetables,Grapes (Conventional),,,,9,,,Preharvest,Labor,Variable,Spray 7 - Skilled Labor Costs,0.6,$12.00 ,0.6 hours * $20/hour * 1 spray,,http://publications.dyson.cornell.edu/outreach/extensionpdf/2014/Cornell-Dyson-eb1401.pdf,,,,,,,
15,Mixed Fruits & Vegetables,Grapes (Conventional),,,,10,,,Preharvest,Labor,Variable,Spray 7 - Skilled Labor Costs,0.6,$12.00 ,0.6 hours * $20/hour * 1 spray,,http://publications.dyson.cornell.edu/outreach/extensionpdf/2014/Cornell-Dyson-eb1401.pdf,,,,,,,
15,Mixed Fruits & Vegetables,Grapes (Conventional),,,,11,,,Preharvest,Labor,Variable,Spray 7 - Skilled Labor Costs,0.6,$12.00 ,0.6 hours * $20/hour * 1 spray,,http://publications.dyson.cornell.edu/outreach/extensionpdf/2014/Cornell-Dyson-eb1401.pdf,,,,,,,
15,Mixed Fruits & Vegetables,Grapes (Conventional),,,,12,,,Preharvest,Labor,Variable,Spray 7 - Skilled Labor Costs,0.6,$12.00 ,0.6 hours * $20/hour * 1 spray,,http://publications.dyson.cornell.edu/outreach/extensionpdf/2014/Cornell-Dyson-eb1401.pdf,,,,,,,
15,Mixed Fruits & Vegetables,Grapes (Conventional),,,,13,,,Preharvest,Labor,Variable,Spray 7 - Skilled Labor Costs,0.6,$12.00 ,0.6 hours * $20/hour * 1 spray,,http://publications.dyson.cornell.edu/outreach/extensionpdf/2014/Cornell-Dyson-eb1401.pdf,,,,,,,
15,Mixed Fruits & Vegetables,Grapes (Conventional),,,,14,,,Preharvest,Labor,Variable,Spray 7 - Skilled Labor Costs,0.6,$12.00 ,0.6 hours * $20/hour * 1 spray,,http://publications.dyson.cornell.edu/outreach/extensionpdf/2014/Cornell-Dyson-eb1401.pdf,,,,,,,
15,Mixed Fruits & Vegetables,Grapes (Conventional),,,,15,,,Preharvest,Labor,Variable,Spray 7 - Skilled Labor Costs,0.6,$12.00 ,0.6 hours * $20/hour * 1 spray,,http://publications.dyson.cornell.edu/outreach/extensionpdf/2014/Cornell-Dyson-eb1401.pdf,,,,,,,
15,Mixed Fruits & Vegetables,Grapes (Conventional),,,,16,,,Preharvest,Labor,Variable,Spray 7 - Skilled Labor Costs,0.6,$12.00 ,0.6 hours * $20/hour * 1 spray,,http://publications.dyson.cornell.edu/outreach/extensionpdf/2014/Cornell-Dyson-eb1401.pdf,,,,,,,
15,Mixed Fruits & Vegetables,Grapes (Conventional),,,,17,,,Preharvest,Labor,Variable,Spray 7 - Skilled Labor Costs,0.6,$12.00 ,0.6 hours * $20/hour * 1 spray,,http://publications.dyson.cornell.edu/outreach/extensionpdf/2014/Cornell-Dyson-eb1401.pdf,,,,,,,
15,Mixed Fruits & Vegetables,Grapes (Conventional),,,,18,,,Preharvest,Labor,Variable,Spray 7 - Skilled Labor Costs,0.6,$12.00 ,0.6 hours * $20/hour * 1 spray,,http://publications.dyson.cornell.edu/outreach/extensionpdf/2014/Cornell-Dyson-eb1401.pdf,,,,,,,
15,Mixed Fruits & Vegetables,Grapes (Conventional),,,,19,,,Preharvest,Labor,Variable,Spray 7 - Skilled Labor Costs,0.6,$12.00 ,0.6 hours * $20/hour * 1 spray,,http://publications.dyson.cornell.edu/outreach/extensionpdf/2014/Cornell-Dyson-eb1401.pdf,,,,,,,
15,Mixed Fruits & Vegetables,Grapes (Conventional),,,,20,,,Preharvest,Labor,Variable,Spray 7 - Skilled Labor Costs,0.6,$12.00 ,0.6 hours * $20/hour * 1 spray,,http://publications.dyson.cornell.edu/outreach/extensionpdf/2014/Cornell-Dyson-eb1401.pdf,,,,,,,
15,Mixed Fruits & Vegetables,Grapes (Conventional),,,,21,,,Preharvest,Labor,Variable,Spray 7 - Skilled Labor Costs,0.6,$12.00 ,0.6 hours * $20/hour * 1 spray,,http://publications.dyson.cornell.edu/outreach/extensionpdf/2014/Cornell-Dyson-eb1401.pdf,,,,,,,
15,Mixed Fruits & Vegetables,Grapes (Conventional),,,,22,,,Preharvest,Labor,Variable,Spray 7 - Skilled Labor Costs,0.6,$12.00 ,0.6 hours * $20/hour * 1 spray,,http://publications.dyson.cornell.edu/outreach/extensionpdf/2014/Cornell-Dyson-eb1401.pdf,,,,,,,
15,Mixed Fruits & Vegetables,Grapes (Conventional),,,,4,,,Preharvest,Equipment,Variable,Spray 7 - Equipment Costs,,$13.97 ,$13.97 * 1 spray ,,http://publications.dyson.cornell.edu/outreach/extensionpdf/2014/Cornell-Dyson-eb1401.pdf,,,,,,,
15,Mixed Fruits & Vegetables,Grapes (Conventional),,,,5,,,Preharvest,Equipment,Variable,Spray 7 - Equipment Costs,,$13.97 ,$13.97 * 1 spray ,,http://publications.dyson.cornell.edu/outreach/extensionpdf/2014/Cornell-Dyson-eb1401.pdf,,,,,,,
15,Mixed Fruits & Vegetables,Grapes (Conventional),,,,6,,,Preharvest,Equipment,Variable,Spray 7 - Equipment Costs,,$13.97 ,$13.97 * 1 spray ,,http://publications.dyson.cornell.edu/outreach/extensionpdf/2014/Cornell-Dyson-eb1401.pdf,,,,,,,
15,Mixed Fruits & Vegetables,Grapes (Conventional),,,,7,,,Preharvest,Equipment,Variable,Spray 7 - Equipment Costs,,$13.97 ,$13.97 * 1 spray ,,http://publications.dyson.cornell.edu/outreach/extensionpdf/2014/Cornell-Dyson-eb1401.pdf,,,,,,,
15,Mixed Fruits & Vegetables,Grapes (Conventional),,,,8,,,Preharvest,Equipment,Variable,Spray 7 - Equipment Costs,,$13.97 ,$13.97 * 1 spray ,,http://publications.dyson.cornell.edu/outreach/extensionpdf/2014/Cornell-Dyson-eb1401.pdf,,,,,,,
15,Mixed Fruits & Vegetables,Grapes (Conventional),,,,9,,,Preharvest,Equipment,Variable,Spray 7 - Equipment Costs,,$13.97 ,$13.97 * 1 spray ,,http://publications.dyson.cornell.edu/outreach/extensionpdf/2014/Cornell-Dyson-eb1401.pdf,,,,,,,
15,Mixed Fruits & Vegetables,Grapes (Conventional),,,,10,,,Preharvest,Equipment,Variable,Spray 7 - Equipment Costs,,$13.97 ,$13.97 * 1 spray ,,http://publications.dyson.cornell.edu/outreach/extensionpdf/2014/Cornell-Dyson-eb1401.pdf,,,,,,,
15,Mixed Fruits & Vegetables,Grapes (Conventional),,,,11,,,Preharvest,Equipment,Variable,Spray 7 - Equipment Costs,,$13.97 ,$13.97 * 1 spray ,,http://publications.dyson.cornell.edu/outreach/extensionpdf/2014/Cornell-Dyson-eb1401.pdf,,,,,,,
15,Mixed Fruits & Vegetables,Grapes (Conventional),,,,12,,,Preharvest,Equipment,Variable,Spray 7 - Equipment Costs,,$13.97 ,$13.97 * 1 spray ,,http://publications.dyson.cornell.edu/outreach/extensionpdf/2014/Cornell-Dyson-eb1401.pdf,,,,,,,
15,Mixed Fruits & Vegetables,Grapes (Conventional),,,,13,,,Preharvest,Equipment,Variable,Spray 7 - Equipment Costs,,$13.97 ,$13.97 * 1 spray ,,http://publications.dyson.cornell.edu/outreach/extensionpdf/2014/Cornell-Dyson-eb1401.pdf,,,,,,,
15,Mixed Fruits & Vegetables,Grapes (Conventional),,,,14,,,Preharvest,Equipment,Variable,Spray 7 - Equipment Costs,,$13.97 ,$13.97 * 1 spray ,,http://publications.dyson.cornell.edu/outreach/extensionpdf/2014/Cornell-Dyson-eb1401.pdf,,,,,,,
15,Mixed Fruits & Vegetables,Grapes (Conventional),,,,15,,,Preharvest,Equipment,Variable,Spray 7 - Equipment Costs,,$13.97 ,$13.97 * 1 spray ,,http://publications.dyson.cornell.edu/outreach/extensionpdf/2014/Cornell-Dyson-eb1401.pdf,,,,,,,
15,Mixed Fruits & Vegetables,Grapes (Conventional),,,,16,,,Preharvest,Equipment,Variable,Spray 7 - Equipment Costs,,$13.97 ,$13.97 * 1 spray ,,http://publications.dyson.cornell.edu/outreach/extensionpdf/2014/Cornell-Dyson-eb1401.pdf,,,,,,,
15,Mixed Fruits & Vegetables,Grapes (Conventional),,,,17,,,Preharvest,Equipment,Variable,Spray 7 - Equipment Costs,,$13.97 ,$13.97 * 1 spray ,,http://publications.dyson.cornell.edu/outreach/extensionpdf/2014/Cornell-Dyson-eb1401.pdf,,,,,,,
15,Mixed Fruits & Vegetables,Grapes (Conventional),,,,18,,,Preharvest,Equipment,Variable,Spray 7 - Equipment Costs,,$13.97 ,$13.97 * 1 spray ,,http://publications.dyson.cornell.edu/outreach/extensionpdf/2014/Cornell-Dyson-eb1401.pdf,,,,,,,
15,Mixed Fruits & Vegetables,Grapes (Conventional),,,,19,,,Preharvest,Equipment,Variable,Spray 7 - Equipment Costs,,$13.97 ,$13.97 * 1 spray ,,http://publications.dyson.cornell.edu/outreach/extensionpdf/2014/Cornell-Dyson-eb1401.pdf,,,,,,,
15,Mixed Fruits & Vegetables,Grapes (Conventional),,,,20,,,Preharvest,Equipment,Variable,Spray 7 - Equipment Costs,,$13.97 ,$13.97 * 1 spray ,,http://publications.dyson.cornell.edu/outreach/extensionpdf/2014/Cornell-Dyson-eb1401.pdf,,,,,,,
15,Mixed Fruits & Vegetables,Grapes (Conventional),,,,21,,,Preharvest,Equipment,Variable,Spray 7 - Equipment Costs,,$13.97 ,$13.97 * 1 spray ,,http://publications.dyson.cornell.edu/outreach/extensionpdf/2014/Cornell-Dyson-eb1401.pdf,,,,,,,
15,Mixed Fruits & Vegetables,Grapes (Conventional),,,,22,,,Preharvest,Equipment,Variable,Spray 7 - Equipment Costs,,$13.97 ,$13.97 * 1 spray ,,http://publications.dyson.cornell.edu/outreach/extensionpdf/2014/Cornell-Dyson-eb1401.pdf,,,,,,,
15,Mixed Fruits & Vegetables,Grapes (Conventional),,,,4,,,Preharvest,Input,Variable,Spray 8 - Pristine 38WG,,$40.63 ,Pristine 38WG 12.5 oz/acre * $3.25/oz * 1 spray,,http://publications.dyson.cornell.edu/outreach/extensionpdf/2014/Cornell-Dyson-eb1401.pdf,,,,,,,
15,Mixed Fruits & Vegetables,Grapes (Conventional),,,,5,,,Preharvest,Input,Variable,Spray 8 - Pristine 38WG,,$40.63 ,Pristine 38WG 12.5 oz/acre * $3.25/oz * 1 spray,,http://publications.dyson.cornell.edu/outreach/extensionpdf/2014/Cornell-Dyson-eb1401.pdf,,,,,,,
15,Mixed Fruits & Vegetables,Grapes (Conventional),,,,6,,,Preharvest,Input,Variable,Spray 8 - Pristine 38WG,,$40.63 ,Pristine 38WG 12.5 oz/acre * $3.25/oz * 1 spray,,http://publications.dyson.cornell.edu/outreach/extensionpdf/2014/Cornell-Dyson-eb1401.pdf,,,,,,,
15,Mixed Fruits & Vegetables,Grapes (Conventional),,,,7,,,Preharvest,Input,Variable,Spray 8 - Pristine 38WG,,$40.63 ,Pristine 38WG 12.5 oz/acre * $3.25/oz * 1 spray,,http://publications.dyson.cornell.edu/outreach/extensionpdf/2014/Cornell-Dyson-eb1401.pdf,,,,,,,
15,Mixed Fruits & Vegetables,Grapes (Conventional),,,,8,,,Preharvest,Input,Variable,Spray 8 - Pristine 38WG,,$40.63 ,Pristine 38WG 12.5 oz/acre * $3.25/oz * 1 spray,,http://publications.dyson.cornell.edu/outreach/extensionpdf/2014/Cornell-Dyson-eb1401.pdf,,,,,,,
15,Mixed Fruits & Vegetables,Grapes (Conventional),,,,9,,,Preharvest,Input,Variable,Spray 8 - Pristine 38WG,,$40.63 ,Pristine 38WG 12.5 oz/acre * $3.25/oz * 1 spray,,http://publications.dyson.cornell.edu/outreach/extensionpdf/2014/Cornell-Dyson-eb1401.pdf,,,,,,,
15,Mixed Fruits & Vegetables,Grapes (Conventional),,,,10,,,Preharvest,Input,Variable,Spray 8 - Pristine 38WG,,$40.63 ,Pristine 38WG 12.5 oz/acre * $3.25/oz * 1 spray,,http://publications.dyson.cornell.edu/outreach/extensionpdf/2014/Cornell-Dyson-eb1401.pdf,,,,,,,
15,Mixed Fruits & Vegetables,Grapes (Conventional),,,,11,,,Preharvest,Input,Variable,Spray 8 - Pristine 38WG,,$40.63 ,Pristine 38WG 12.5 oz/acre * $3.25/oz * 1 spray,,http://publications.dyson.cornell.edu/outreach/extensionpdf/2014/Cornell-Dyson-eb1401.pdf,,,,,,,
15,Mixed Fruits & Vegetables,Grapes (Conventional),,,,12,,,Preharvest,Input,Variable,Spray 8 - Pristine 38WG,,$40.63 ,Pristine 38WG 12.5 oz/acre * $3.25/oz * 1 spray,,http://publications.dyson.cornell.edu/outreach/extensionpdf/2014/Cornell-Dyson-eb1401.pdf,,,,,,,
15,Mixed Fruits & Vegetables,Grapes (Conventional),,,,13,,,Preharvest,Input,Variable,Spray 8 - Pristine 38WG,,$40.63 ,Pristine 38WG 12.5 oz/acre * $3.25/oz * 1 spray,,http://publications.dyson.cornell.edu/outreach/extensionpdf/2014/Cornell-Dyson-eb1401.pdf,,,,,,,
15,Mixed Fruits & Vegetables,Grapes (Conventional),,,,14,,,Preharvest,Input,Variable,Spray 8 - Pristine 38WG,,$40.63 ,Pristine 38WG 12.5 oz/acre * $3.25/oz * 1 spray,,http://publications.dyson.cornell.edu/outreach/extensionpdf/2014/Cornell-Dyson-eb1401.pdf,,,,,,,
15,Mixed Fruits & Vegetables,Grapes (Conventional),,,,15,,,Preharvest,Input,Variable,Spray 8 - Pristine 38WG,,$40.63 ,Pristine 38WG 12.5 oz/acre * $3.25/oz * 1 spray,,http://publications.dyson.cornell.edu/outreach/extensionpdf/2014/Cornell-Dyson-eb1401.pdf,,,,,,,
15,Mixed Fruits & Vegetables,Grapes (Conventional),,,,16,,,Preharvest,Input,Variable,Spray 8 - Pristine 38WG,,$40.63 ,Pristine 38WG 12.5 oz/acre * $3.25/oz * 1 spray,,http://publications.dyson.cornell.edu/outreach/extensionpdf/2014/Cornell-Dyson-eb1401.pdf,,,,,,,
15,Mixed Fruits & Vegetables,Grapes (Conventional),,,,17,,,Preharvest,Input,Variable,Spray 8 - Pristine 38WG,,$40.63 ,Pristine 38WG 12.5 oz/acre * $3.25/oz * 1 spray,,http://publications.dyson.cornell.edu/outreach/extensionpdf/2014/Cornell-Dyson-eb1401.pdf,,,,,,,
15,Mixed Fruits & Vegetables,Grapes (Conventional),,,,18,,,Preharvest,Input,Variable,Spray 8 - Pristine 38WG,,$40.63 ,Pristine 38WG 12.5 oz/acre * $3.25/oz * 1 spray,,http://publications.dyson.cornell.edu/outreach/extensionpdf/2014/Cornell-Dyson-eb1401.pdf,,,,,,,
15,Mixed Fruits & Vegetables,Grapes (Conventional),,,,19,,,Preharvest,Input,Variable,Spray 8 - Pristine 38WG,,$40.63 ,Pristine 38WG 12.5 oz/acre * $3.25/oz * 1 spray,,http://publications.dyson.cornell.edu/outreach/extensionpdf/2014/Cornell-Dyson-eb1401.pdf,,,,,,,
15,Mixed Fruits & Vegetables,Grapes (Conventional),,,,20,,,Preharvest,Input,Variable,Spray 8 - Pristine 38WG,,$40.63 ,Pristine 38WG 12.5 oz/acre * $3.25/oz * 1 spray,,http://publications.dyson.cornell.edu/outreach/extensionpdf/2014/Cornell-Dyson-eb1401.pdf,,,,,,,
15,Mixed Fruits & Vegetables,Grapes (Conventional),,,,21,,,Preharvest,Input,Variable,Spray 8 - Pristine 38WG,,$40.63 ,Pristine 38WG 12.5 oz/acre * $3.25/oz * 1 spray,,http://publications.dyson.cornell.edu/outreach/extensionpdf/2014/Cornell-Dyson-eb1401.pdf,,,,,,,
15,Mixed Fruits & Vegetables,Grapes (Conventional),,,,22,,,Preharvest,Input,Variable,Spray 8 - Pristine 38WG,,$40.63 ,Pristine 38WG 12.5 oz/acre * $3.25/oz * 1 spray,,http://publications.dyson.cornell.edu/outreach/extensionpdf/2014/Cornell-Dyson-eb1401.pdf,,,,,,,
15,Mixed Fruits & Vegetables,Grapes (Conventional),,,,4,,,Preharvest,Input,Variable,Spray 8 - Sulfur,,$2.50 ,Sulfur 5 lbs/acre * $0.50/lb * 1 spray,,http://publications.dyson.cornell.edu/outreach/extensionpdf/2014/Cornell-Dyson-eb1401.pdf,,,,,,,
15,Mixed Fruits & Vegetables,Grapes (Conventional),,,,5,,,Preharvest,Input,Variable,Spray 8 - Sulfur,,$2.50 ,Sulfur 5 lbs/acre * $0.50/lb * 1 spray,,http://publications.dyson.cornell.edu/outreach/extensionpdf/2014/Cornell-Dyson-eb1401.pdf,,,,,,,
15,Mixed Fruits & Vegetables,Grapes (Conventional),,,,6,,,Preharvest,Input,Variable,Spray 8 - Sulfur,,$2.50 ,Sulfur 5 lbs/acre * $0.50/lb * 1 spray,,http://publications.dyson.cornell.edu/outreach/extensionpdf/2014/Cornell-Dyson-eb1401.pdf,,,,,,,
15,Mixed Fruits & Vegetables,Grapes (Conventional),,,,7,,,Preharvest,Input,Variable,Spray 8 - Sulfur,,$2.50 ,Sulfur 5 lbs/acre * $0.50/lb * 1 spray,,http://publications.dyson.cornell.edu/outreach/extensionpdf/2014/Cornell-Dyson-eb1401.pdf,,,,,,,
15,Mixed Fruits & Vegetables,Grapes (Conventional),,,,8,,,Preharvest,Input,Variable,Spray 8 - Sulfur,,$2.50 ,Sulfur 5 lbs/acre * $0.50/lb * 1 spray,,http://publications.dyson.cornell.edu/outreach/extensionpdf/2014/Cornell-Dyson-eb1401.pdf,,,,,,,
15,Mixed Fruits & Vegetables,Grapes (Conventional),,,,9,,,Preharvest,Input,Variable,Spray 8 - Sulfur,,$2.50 ,Sulfur 5 lbs/acre * $0.50/lb * 1 spray,,http://publications.dyson.cornell.edu/outreach/extensionpdf/2014/Cornell-Dyson-eb1401.pdf,,,,,,,
15,Mixed Fruits & Vegetables,Grapes (Conventional),,,,10,,,Preharvest,Input,Variable,Spray 8 - Sulfur,,$2.50 ,Sulfur 5 lbs/acre * $0.50/lb * 1 spray,,http://publications.dyson.cornell.edu/outreach/extensionpdf/2014/Cornell-Dyson-eb1401.pdf,,,,,,,
15,Mixed Fruits & Vegetables,Grapes (Conventional),,,,11,,,Preharvest,Input,Variable,Spray 8 - Sulfur,,$2.50 ,Sulfur 5 lbs/acre * $0.50/lb * 1 spray,,http://publications.dyson.cornell.edu/outreach/extensionpdf/2014/Cornell-Dyson-eb1401.pdf,,,,,,,
15,Mixed Fruits & Vegetables,Grapes (Conventional),,,,12,,,Preharvest,Input,Variable,Spray 8 - Sulfur,,$2.50 ,Sulfur 5 lbs/acre * $0.50/lb * 1 spray,,http://publications.dyson.cornell.edu/outreach/extensionpdf/2014/Cornell-Dyson-eb1401.pdf,,,,,,,
15,Mixed Fruits & Vegetables,Grapes (Conventional),,,,13,,,Preharvest,Input,Variable,Spray 8 - Sulfur,,$2.50 ,Sulfur 5 lbs/acre * $0.50/lb * 1 spray,,http://publications.dyson.cornell.edu/outreach/extensionpdf/2014/Cornell-Dyson-eb1401.pdf,,,,,,,
15,Mixed Fruits & Vegetables,Grapes (Conventional),,,,14,,,Preharvest,Input,Variable,Spray 8 - Sulfur,,$2.50 ,Sulfur 5 lbs/acre * $0.50/lb * 1 spray,,http://publications.dyson.cornell.edu/outreach/extensionpdf/2014/Cornell-Dyson-eb1401.pdf,,,,,,,
15,Mixed Fruits & Vegetables,Grapes (Conventional),,,,15,,,Preharvest,Input,Variable,Spray 8 - Sulfur,,$2.50 ,Sulfur 5 lbs/acre * $0.50/lb * 1 spray,,http://publications.dyson.cornell.edu/outreach/extensionpdf/2014/Cornell-Dyson-eb1401.pdf,,,,,,,
15,Mixed Fruits & Vegetables,Grapes (Conventional),,,,16,,,Preharvest,Input,Variable,Spray 8 - Sulfur,,$2.50 ,Sulfur 5 lbs/acre * $0.50/lb * 1 spray,,http://publications.dyson.cornell.edu/outreach/extensionpdf/2014/Cornell-Dyson-eb1401.pdf,,,,,,,
15,Mixed Fruits & Vegetables,Grapes (Conventional),,,,17,,,Preharvest,Input,Variable,Spray 8 - Sulfur,,$2.50 ,Sulfur 5 lbs/acre * $0.50/lb * 1 spray,,http://publications.dyson.cornell.edu/outreach/extensionpdf/2014/Cornell-Dyson-eb1401.pdf,,,,,,,
15,Mixed Fruits & Vegetables,Grapes (Conventional),,,,18,,,Preharvest,Input,Variable,Spray 8 - Sulfur,,$2.50 ,Sulfur 5 lbs/acre * $0.50/lb * 1 spray,,http://publications.dyson.cornell.edu/outreach/extensionpdf/2014/Cornell-Dyson-eb1401.pdf,,,,,,,
15,Mixed Fruits & Vegetables,Grapes (Conventional),,,,19,,,Preharvest,Input,Variable,Spray 8 - Sulfur,,$2.50 ,Sulfur 5 lbs/acre * $0.50/lb * 1 spray,,http://publications.dyson.cornell.edu/outreach/extensionpdf/2014/Cornell-Dyson-eb1401.pdf,,,,,,,
15,Mixed Fruits & Vegetables,Grapes (Conventional),,,,20,,,Preharvest,Input,Variable,Spray 8 - Sulfur,,$2.50 ,Sulfur 5 lbs/acre * $0.50/lb * 1 spray,,http://publications.dyson.cornell.edu/outreach/extensionpdf/2014/Cornell-Dyson-eb1401.pdf,,,,,,,
15,Mixed Fruits & Vegetables,Grapes (Conventional),,,,21,,,Preharvest,Input,Variable,Spray 8 - Sulfur,,$2.50 ,Sulfur 5 lbs/acre * $0.50/lb * 1 spray,,http://publications.dyson.cornell.edu/outreach/extensionpdf/2014/Cornell-Dyson-eb1401.pdf,,,,,,,
15,Mixed Fruits & Vegetables,Grapes (Conventional),,,,22,,,Preharvest,Input,Variable,Spray 8 - Sulfur,,$2.50 ,Sulfur 5 lbs/acre * $0.50/lb * 1 spray,,http://publications.dyson.cornell.edu/outreach/extensionpdf/2014/Cornell-Dyson-eb1401.pdf,,,,,,,
15,Mixed Fruits & Vegetables,Grapes (Conventional),,,,4,,,Preharvest,Input,Variable,Spray 8 - ProPhyt,,$7.90 ,ProPhyt 2.5 pt/acre * $3.16/pt * 1 spray,,http://publications.dyson.cornell.edu/outreach/extensionpdf/2014/Cornell-Dyson-eb1401.pdf,,,,,,,
15,Mixed Fruits & Vegetables,Grapes (Conventional),,,,5,,,Preharvest,Input,Variable,Spray 8 - ProPhyt,,$7.90 ,ProPhyt 2.5 pt/acre * $3.16/pt * 1 spray,,http://publications.dyson.cornell.edu/outreach/extensionpdf/2014/Cornell-Dyson-eb1401.pdf,,,,,,,
15,Mixed Fruits & Vegetables,Grapes (Conventional),,,,6,,,Preharvest,Input,Variable,Spray 8 - ProPhyt,,$7.90 ,ProPhyt 2.5 pt/acre * $3.16/pt * 1 spray,,http://publications.dyson.cornell.edu/outreach/extensionpdf/2014/Cornell-Dyson-eb1401.pdf,,,,,,,
15,Mixed Fruits & Vegetables,Grapes (Conventional),,,,7,,,Preharvest,Input,Variable,Spray 8 - ProPhyt,,$7.90 ,ProPhyt 2.5 pt/acre * $3.16/pt * 1 spray,,http://publications.dyson.cornell.edu/outreach/extensionpdf/2014/Cornell-Dyson-eb1401.pdf,,,,,,,
15,Mixed Fruits & Vegetables,Grapes (Conventional),,,,8,,,Preharvest,Input,Variable,Spray 8 - ProPhyt,,$7.90 ,ProPhyt 2.5 pt/acre * $3.16/pt * 1 spray,,http://publications.dyson.cornell.edu/outreach/extensionpdf/2014/Cornell-Dyson-eb1401.pdf,,,,,,,
15,Mixed Fruits & Vegetables,Grapes (Conventional),,,,9,,,Preharvest,Input,Variable,Spray 8 - ProPhyt,,$7.90 ,ProPhyt 2.5 pt/acre * $3.16/pt * 1 spray,,http://publications.dyson.cornell.edu/outreach/extensionpdf/2014/Cornell-Dyson-eb1401.pdf,,,,,,,
15,Mixed Fruits & Vegetables,Grapes (Conventional),,,,10,,,Preharvest,Input,Variable,Spray 8 - ProPhyt,,$7.90 ,ProPhyt 2.5 pt/acre * $3.16/pt * 1 spray,,http://publications.dyson.cornell.edu/outreach/extensionpdf/2014/Cornell-Dyson-eb1401.pdf,,,,,,,
15,Mixed Fruits & Vegetables,Grapes (Conventional),,,,11,,,Preharvest,Input,Variable,Spray 8 - ProPhyt,,$7.90 ,ProPhyt 2.5 pt/acre * $3.16/pt * 1 spray,,http://publications.dyson.cornell.edu/outreach/extensionpdf/2014/Cornell-Dyson-eb1401.pdf,,,,,,,
15,Mixed Fruits & Vegetables,Grapes (Conventional),,,,12,,,Preharvest,Input,Variable,Spray 8 - ProPhyt,,$7.90 ,ProPhyt 2.5 pt/acre * $3.16/pt * 1 spray,,http://publications.dyson.cornell.edu/outreach/extensionpdf/2014/Cornell-Dyson-eb1401.pdf,,,,,,,
15,Mixed Fruits & Vegetables,Grapes (Conventional),,,,13,,,Preharvest,Input,Variable,Spray 8 - ProPhyt,,$7.90 ,ProPhyt 2.5 pt/acre * $3.16/pt * 1 spray,,http://publications.dyson.cornell.edu/outreach/extensionpdf/2014/Cornell-Dyson-eb1401.pdf,,,,,,,
15,Mixed Fruits & Vegetables,Grapes (Conventional),,,,14,,,Preharvest,Input,Variable,Spray 8 - ProPhyt,,$7.90 ,ProPhyt 2.5 pt/acre * $3.16/pt * 1 spray,,http://publications.dyson.cornell.edu/outreach/extensionpdf/2014/Cornell-Dyson-eb1401.pdf,,,,,,,
15,Mixed Fruits & Vegetables,Grapes (Conventional),,,,15,,,Preharvest,Input,Variable,Spray 8 - ProPhyt,,$7.90 ,ProPhyt 2.5 pt/acre * $3.16/pt * 1 spray,,http://publications.dyson.cornell.edu/outreach/extensionpdf/2014/Cornell-Dyson-eb1401.pdf,,,,,,,
15,Mixed Fruits & Vegetables,Grapes (Conventional),,,,16,,,Preharvest,Input,Variable,Spray 8 - ProPhyt,,$7.90 ,ProPhyt 2.5 pt/acre * $3.16/pt * 1 spray,,http://publications.dyson.cornell.edu/outreach/extensionpdf/2014/Cornell-Dyson-eb1401.pdf,,,,,,,
15,Mixed Fruits & Vegetables,Grapes (Conventional),,,,17,,,Preharvest,Input,Variable,Spray 8 - ProPhyt,,$7.90 ,ProPhyt 2.5 pt/acre * $3.16/pt * 1 spray,,http://publications.dyson.cornell.edu/outreach/extensionpdf/2014/Cornell-Dyson-eb1401.pdf,,,,,,,
15,Mixed Fruits & Vegetables,Grapes (Conventional),,,,18,,,Preharvest,Input,Variable,Spray 8 - ProPhyt,,$7.90 ,ProPhyt 2.5 pt/acre * $3.16/pt * 1 spray,,http://publications.dyson.cornell.edu/outreach/extensionpdf/2014/Cornell-Dyson-eb1401.pdf,,,,,,,
15,Mixed Fruits & Vegetables,Grapes (Conventional),,,,19,,,Preharvest,Input,Variable,Spray 8 - ProPhyt,,$7.90 ,ProPhyt 2.5 pt/acre * $3.16/pt * 1 spray,,http://publications.dyson.cornell.edu/outreach/extensionpdf/2014/Cornell-Dyson-eb1401.pdf,,,,,,,
15,Mixed Fruits & Vegetables,Grapes (Conventional),,,,20,,,Preharvest,Input,Variable,Spray 8 - ProPhyt,,$7.90 ,ProPhyt 2.5 pt/acre * $3.16/pt * 1 spray,,http://publications.dyson.cornell.edu/outreach/extensionpdf/2014/Cornell-Dyson-eb1401.pdf,,,,,,,
15,Mixed Fruits & Vegetables,Grapes (Conventional),,,,21,,,Preharvest,Input,Variable,Spray 8 - ProPhyt,,$7.90 ,ProPhyt 2.5 pt/acre * $3.16/pt * 1 spray,,http://publications.dyson.cornell.edu/outreach/extensionpdf/2014/Cornell-Dyson-eb1401.pdf,,,,,,,
15,Mixed Fruits & Vegetables,Grapes (Conventional),,,,22,,,Preharvest,Input,Variable,Spray 8 - ProPhyt,,$7.90 ,ProPhyt 2.5 pt/acre * $3.16/pt * 1 spray,,http://publications.dyson.cornell.edu/outreach/extensionpdf/2014/Cornell-Dyson-eb1401.pdf,,,,,,,
15,Mixed Fruits & Vegetables,Grapes (Conventional),,,,4,,,Preharvest,Labor,Variable,Spray 8 - Skilled Labor Costs,0.6,$12.00 ,0.6 hours * $20/hour * 1 spray,,http://publications.dyson.cornell.edu/outreach/extensionpdf/2014/Cornell-Dyson-eb1401.pdf,,,,,,,
15,Mixed Fruits & Vegetables,Grapes (Conventional),,,,5,,,Preharvest,Labor,Variable,Spray 8 - Skilled Labor Costs,0.6,$12.00 ,0.6 hours * $20/hour * 1 spray,,http://publications.dyson.cornell.edu/outreach/extensionpdf/2014/Cornell-Dyson-eb1401.pdf,,,,,,,
15,Mixed Fruits & Vegetables,Grapes (Conventional),,,,6,,,Preharvest,Labor,Variable,Spray 8 - Skilled Labor Costs,0.6,$12.00 ,0.6 hours * $20/hour * 1 spray,,http://publications.dyson.cornell.edu/outreach/extensionpdf/2014/Cornell-Dyson-eb1401.pdf,,,,,,,
15,Mixed Fruits & Vegetables,Grapes (Conventional),,,,7,,,Preharvest,Labor,Variable,Spray 8 - Skilled Labor Costs,0.6,$12.00 ,0.6 hours * $20/hour * 1 spray,,http://publications.dyson.cornell.edu/outreach/extensionpdf/2014/Cornell-Dyson-eb1401.pdf,,,,,,,
15,Mixed Fruits & Vegetables,Grapes (Conventional),,,,8,,,Preharvest,Labor,Variable,Spray 8 - Skilled Labor Costs,0.6,$12.00 ,0.6 hours * $20/hour * 1 spray,,http://publications.dyson.cornell.edu/outreach/extensionpdf/2014/Cornell-Dyson-eb1401.pdf,,,,,,,
15,Mixed Fruits & Vegetables,Grapes (Conventional),,,,9,,,Preharvest,Labor,Variable,Spray 8 - Skilled Labor Costs,0.6,$12.00 ,0.6 hours * $20/hour * 1 spray,,http://publications.dyson.cornell.edu/outreach/extensionpdf/2014/Cornell-Dyson-eb1401.pdf,,,,,,,
15,Mixed Fruits & Vegetables,Grapes (Conventional),,,,10,,,Preharvest,Labor,Variable,Spray 8 - Skilled Labor Costs,0.6,$12.00 ,0.6 hours * $20/hour * 1 spray,,http://publications.dyson.cornell.edu/outreach/extensionpdf/2014/Cornell-Dyson-eb1401.pdf,,,,,,,
15,Mixed Fruits & Vegetables,Grapes (Conventional),,,,11,,,Preharvest,Labor,Variable,Spray 8 - Skilled Labor Costs,0.6,$12.00 ,0.6 hours * $20/hour * 1 spray,,http://publications.dyson.cornell.edu/outreach/extensionpdf/2014/Cornell-Dyson-eb1401.pdf,,,,,,,
15,Mixed Fruits & Vegetables,Grapes (Conventional),,,,12,,,Preharvest,Labor,Variable,Spray 8 - Skilled Labor Costs,0.6,$12.00 ,0.6 hours * $20/hour * 1 spray,,http://publications.dyson.cornell.edu/outreach/extensionpdf/2014/Cornell-Dyson-eb1401.pdf,,,,,,,
15,Mixed Fruits & Vegetables,Grapes (Conventional),,,,13,,,Preharvest,Labor,Variable,Spray 8 - Skilled Labor Costs,0.6,$12.00 ,0.6 hours * $20/hour * 1 spray,,http://publications.dyson.cornell.edu/outreach/extensionpdf/2014/Cornell-Dyson-eb1401.pdf,,,,,,,
15,Mixed Fruits & Vegetables,Grapes (Conventional),,,,14,,,Preharvest,Labor,Variable,Spray 8 - Skilled Labor Costs,0.6,$12.00 ,0.6 hours * $20/hour * 1 spray,,http://publications.dyson.cornell.edu/outreach/extensionpdf/2014/Cornell-Dyson-eb1401.pdf,,,,,,,
15,Mixed Fruits & Vegetables,Grapes (Conventional),,,,15,,,Preharvest,Labor,Variable,Spray 8 - Skilled Labor Costs,0.6,$12.00 ,0.6 hours * $20/hour * 1 spray,,http://publications.dyson.cornell.edu/outreach/extensionpdf/2014/Cornell-Dyson-eb1401.pdf,,,,,,,
15,Mixed Fruits & Vegetables,Grapes (Conventional),,,,16,,,Preharvest,Labor,Variable,Spray 8 - Skilled Labor Costs,0.6,$12.00 ,0.6 hours * $20/hour * 1 spray,,http://publications.dyson.cornell.edu/outreach/extensionpdf/2014/Cornell-Dyson-eb1401.pdf,,,,,,,
15,Mixed Fruits & Vegetables,Grapes (Conventional),,,,17,,,Preharvest,Labor,Variable,Spray 8 - Skilled Labor Costs,0.6,$12.00 ,0.6 hours * $20/hour * 1 spray,,http://publications.dyson.cornell.edu/outreach/extensionpdf/2014/Cornell-Dyson-eb1401.pdf,,,,,,,
15,Mixed Fruits & Vegetables,Grapes (Conventional),,,,18,,,Preharvest,Labor,Variable,Spray 8 - Skilled Labor Costs,0.6,$12.00 ,0.6 hours * $20/hour * 1 spray,,http://publications.dyson.cornell.edu/outreach/extensionpdf/2014/Cornell-Dyson-eb1401.pdf,,,,,,,
15,Mixed Fruits & Vegetables,Grapes (Conventional),,,,19,,,Preharvest,Labor,Variable,Spray 8 - Skilled Labor Costs,0.6,$12.00 ,0.6 hours * $20/hour * 1 spray,,http://publications.dyson.cornell.edu/outreach/extensionpdf/2014/Cornell-Dyson-eb1401.pdf,,,,,,,
15,Mixed Fruits & Vegetables,Grapes (Conventional),,,,20,,,Preharvest,Labor,Variable,Spray 8 - Skilled Labor Costs,0.6,$12.00 ,0.6 hours * $20/hour * 1 spray,,http://publications.dyson.cornell.edu/outreach/extensionpdf/2014/Cornell-Dyson-eb1401.pdf,,,,,,,
15,Mixed Fruits & Vegetables,Grapes (Conventional),,,,21,,,Preharvest,Labor,Variable,Spray 8 - Skilled Labor Costs,0.6,$12.00 ,0.6 hours * $20/hour * 1 spray,,http://publications.dyson.cornell.edu/outreach/extensionpdf/2014/Cornell-Dyson-eb1401.pdf,,,,,,,
15,Mixed Fruits & Vegetables,Grapes (Conventional),,,,22,,,Preharvest,Labor,Variable,Spray 8 - Skilled Labor Costs,0.6,$12.00 ,0.6 hours * $20/hour * 1 spray,,http://publications.dyson.cornell.edu/outreach/extensionpdf/2014/Cornell-Dyson-eb1401.pdf,,,,,,,
15,Mixed Fruits & Vegetables,Grapes (Conventional),,,,4,,,Preharvest,Equipment,Variable,Spray 8 - Equipment Costs,,$13.97 , $13.97 * 1 spray ,,http://publications.dyson.cornell.edu/outreach/extensionpdf/2014/Cornell-Dyson-eb1401.pdf,,,,,,,
15,Mixed Fruits & Vegetables,Grapes (Conventional),,,,5,,,Preharvest,Equipment,Variable,Spray 8 - Equipment Costs,,$13.97 , $13.97 * 1 spray ,,http://publications.dyson.cornell.edu/outreach/extensionpdf/2014/Cornell-Dyson-eb1401.pdf,,,,,,,
15,Mixed Fruits & Vegetables,Grapes (Conventional),,,,6,,,Preharvest,Equipment,Variable,Spray 8 - Equipment Costs,,$13.97 , $13.97 * 1 spray ,,http://publications.dyson.cornell.edu/outreach/extensionpdf/2014/Cornell-Dyson-eb1401.pdf,,,,,,,
15,Mixed Fruits & Vegetables,Grapes (Conventional),,,,7,,,Preharvest,Equipment,Variable,Spray 8 - Equipment Costs,,$13.97 , $13.97 * 1 spray ,,http://publications.dyson.cornell.edu/outreach/extensionpdf/2014/Cornell-Dyson-eb1401.pdf,,,,,,,
15,Mixed Fruits & Vegetables,Grapes (Conventional),,,,8,,,Preharvest,Equipment,Variable,Spray 8 - Equipment Costs,,$13.97 , $13.97 * 1 spray ,,http://publications.dyson.cornell.edu/outreach/extensionpdf/2014/Cornell-Dyson-eb1401.pdf,,,,,,,
15,Mixed Fruits & Vegetables,Grapes (Conventional),,,,9,,,Preharvest,Equipment,Variable,Spray 8 - Equipment Costs,,$13.97 , $13.97 * 1 spray ,,http://publications.dyson.cornell.edu/outreach/extensionpdf/2014/Cornell-Dyson-eb1401.pdf,,,,,,,
15,Mixed Fruits & Vegetables,Grapes (Conventional),,,,10,,,Preharvest,Equipment,Variable,Spray 8 - Equipment Costs,,$13.97 , $13.97 * 1 spray ,,http://publications.dyson.cornell.edu/outreach/extensionpdf/2014/Cornell-Dyson-eb1401.pdf,,,,,,,
15,Mixed Fruits & Vegetables,Grapes (Conventional),,,,11,,,Preharvest,Equipment,Variable,Spray 8 - Equipment Costs,,$13.97 , $13.97 * 1 spray ,,http://publications.dyson.cornell.edu/outreach/extensionpdf/2014/Cornell-Dyson-eb1401.pdf,,,,,,,
15,Mixed Fruits & Vegetables,Grapes (Conventional),,,,12,,,Preharvest,Equipment,Variable,Spray 8 - Equipment Costs,,$13.97 , $13.97 * 1 spray ,,http://publications.dyson.cornell.edu/outreach/extensionpdf/2014/Cornell-Dyson-eb1401.pdf,,,,,,,
15,Mixed Fruits & Vegetables,Grapes (Conventional),,,,13,,,Preharvest,Equipment,Variable,Spray 8 - Equipment Costs,,$13.97 , $13.97 * 1 spray ,,http://publications.dyson.cornell.edu/outreach/extensionpdf/2014/Cornell-Dyson-eb1401.pdf,,,,,,,
15,Mixed Fruits & Vegetables,Grapes (Conventional),,,,14,,,Preharvest,Equipment,Variable,Spray 8 - Equipment Costs,,$13.97 , $13.97 * 1 spray ,,http://publications.dyson.cornell.edu/outreach/extensionpdf/2014/Cornell-Dyson-eb1401.pdf,,,,,,,
15,Mixed Fruits & Vegetables,Grapes (Conventional),,,,15,,,Preharvest,Equipment,Variable,Spray 8 - Equipment Costs,,$13.97 , $13.97 * 1 spray ,,http://publications.dyson.cornell.edu/outreach/extensionpdf/2014/Cornell-Dyson-eb1401.pdf,,,,,,,
15,Mixed Fruits & Vegetables,Grapes (Conventional),,,,16,,,Preharvest,Equipment,Variable,Spray 8 - Equipment Costs,,$13.97 , $13.97 * 1 spray ,,http://publications.dyson.cornell.edu/outreach/extensionpdf/2014/Cornell-Dyson-eb1401.pdf,,,,,,,
15,Mixed Fruits & Vegetables,Grapes (Conventional),,,,17,,,Preharvest,Equipment,Variable,Spray 8 - Equipment Costs,,$13.97 , $13.97 * 1 spray ,,http://publications.dyson.cornell.edu/outreach/extensionpdf/2014/Cornell-Dyson-eb1401.pdf,,,,,,,
15,Mixed Fruits & Vegetables,Grapes (Conventional),,,,18,,,Preharvest,Equipment,Variable,Spray 8 - Equipment Costs,,$13.97 , $13.97 * 1 spray ,,http://publications.dyson.cornell.edu/outreach/extensionpdf/2014/Cornell-Dyson-eb1401.pdf,,,,,,,
15,Mixed Fruits & Vegetables,Grapes (Conventional),,,,19,,,Preharvest,Equipment,Variable,Spray 8 - Equipment Costs,,$13.97 , $13.97 * 1 spray ,,http://publications.dyson.cornell.edu/outreach/extensionpdf/2014/Cornell-Dyson-eb1401.pdf,,,,,,,
15,Mixed Fruits & Vegetables,Grapes (Conventional),,,,20,,,Preharvest,Equipment,Variable,Spray 8 - Equipment Costs,,$13.97 , $13.97 * 1 spray ,,http://publications.dyson.cornell.edu/outreach/extensionpdf/2014/Cornell-Dyson-eb1401.pdf,,,,,,,
15,Mixed Fruits & Vegetables,Grapes (Conventional),,,,21,,,Preharvest,Equipment,Variable,Spray 8 - Equipment Costs,,$13.97 , $13.97 * 1 spray ,,http://publications.dyson.cornell.edu/outreach/extensionpdf/2014/Cornell-Dyson-eb1401.pdf,,,,,,,
15,Mixed Fruits & Vegetables,Grapes (Conventional),,,,22,,,Preharvest,Equipment,Variable,Spray 8 - Equipment Costs,,$13.97 , $13.97 * 1 spray ,,http://publications.dyson.cornell.edu/outreach/extensionpdf/2014/Cornell-Dyson-eb1401.pdf,,,,,,,
15,Mixed Fruits & Vegetables,Grapes (Conventional),,,,4,,,Preharvest,Input,Variable,Spray 9-10 - Sulfur,,$8.00 ,Sulfur 8 lbs/acre * $0.50/lb * 2 spray,,http://publications.dyson.cornell.edu/outreach/extensionpdf/2014/Cornell-Dyson-eb1401.pdf,,,,,,,
15,Mixed Fruits & Vegetables,Grapes (Conventional),,,,5,,,Preharvest,Input,Variable,Spray 9-10 - Sulfur,,$8.00 ,Sulfur 8 lbs/acre * $0.50/lb * 2 spray,,http://publications.dyson.cornell.edu/outreach/extensionpdf/2014/Cornell-Dyson-eb1401.pdf,,,,,,,
15,Mixed Fruits & Vegetables,Grapes (Conventional),,,,6,,,Preharvest,Input,Variable,Spray 9-10 - Sulfur,,$8.00 ,Sulfur 8 lbs/acre * $0.50/lb * 2 spray,,http://publications.dyson.cornell.edu/outreach/extensionpdf/2014/Cornell-Dyson-eb1401.pdf,,,,,,,
15,Mixed Fruits & Vegetables,Grapes (Conventional),,,,7,,,Preharvest,Input,Variable,Spray 9-10 - Sulfur,,$8.00 ,Sulfur 8 lbs/acre * $0.50/lb * 2 spray,,http://publications.dyson.cornell.edu/outreach/extensionpdf/2014/Cornell-Dyson-eb1401.pdf,,,,,,,
15,Mixed Fruits & Vegetables,Grapes (Conventional),,,,8,,,Preharvest,Input,Variable,Spray 9-10 - Sulfur,,$8.00 ,Sulfur 8 lbs/acre * $0.50/lb * 2 spray,,http://publications.dyson.cornell.edu/outreach/extensionpdf/2014/Cornell-Dyson-eb1401.pdf,,,,,,,
15,Mixed Fruits & Vegetables,Grapes (Conventional),,,,9,,,Preharvest,Input,Variable,Spray 9-10 - Sulfur,,$8.00 ,Sulfur 8 lbs/acre * $0.50/lb * 2 spray,,http://publications.dyson.cornell.edu/outreach/extensionpdf/2014/Cornell-Dyson-eb1401.pdf,,,,,,,
15,Mixed Fruits & Vegetables,Grapes (Conventional),,,,10,,,Preharvest,Input,Variable,Spray 9-10 - Sulfur,,$8.00 ,Sulfur 8 lbs/acre * $0.50/lb * 2 spray,,http://publications.dyson.cornell.edu/outreach/extensionpdf/2014/Cornell-Dyson-eb1401.pdf,,,,,,,
15,Mixed Fruits & Vegetables,Grapes (Conventional),,,,11,,,Preharvest,Input,Variable,Spray 9-10 - Sulfur,,$8.00 ,Sulfur 8 lbs/acre * $0.50/lb * 2 spray,,http://publications.dyson.cornell.edu/outreach/extensionpdf/2014/Cornell-Dyson-eb1401.pdf,,,,,,,
15,Mixed Fruits & Vegetables,Grapes (Conventional),,,,12,,,Preharvest,Input,Variable,Spray 9-10 - Sulfur,,$8.00 ,Sulfur 8 lbs/acre * $0.50/lb * 2 spray,,http://publications.dyson.cornell.edu/outreach/extensionpdf/2014/Cornell-Dyson-eb1401.pdf,,,,,,,
15,Mixed Fruits & Vegetables,Grapes (Conventional),,,,13,,,Preharvest,Input,Variable,Spray 9-10 - Sulfur,,$8.00 ,Sulfur 8 lbs/acre * $0.50/lb * 2 spray,,http://publications.dyson.cornell.edu/outreach/extensionpdf/2014/Cornell-Dyson-eb1401.pdf,,,,,,,
15,Mixed Fruits & Vegetables,Grapes (Conventional),,,,14,,,Preharvest,Input,Variable,Spray 9-10 - Sulfur,,$8.00 ,Sulfur 8 lbs/acre * $0.50/lb * 2 spray,,http://publications.dyson.cornell.edu/outreach/extensionpdf/2014/Cornell-Dyson-eb1401.pdf,,,,,,,
15,Mixed Fruits & Vegetables,Grapes (Conventional),,,,15,,,Preharvest,Input,Variable,Spray 9-10 - Sulfur,,$8.00 ,Sulfur 8 lbs/acre * $0.50/lb * 2 spray,,http://publications.dyson.cornell.edu/outreach/extensionpdf/2014/Cornell-Dyson-eb1401.pdf,,,,,,,
15,Mixed Fruits & Vegetables,Grapes (Conventional),,,,16,,,Preharvest,Input,Variable,Spray 9-10 - Sulfur,,$8.00 ,Sulfur 8 lbs/acre * $0.50/lb * 2 spray,,http://publications.dyson.cornell.edu/outreach/extensionpdf/2014/Cornell-Dyson-eb1401.pdf,,,,,,,
15,Mixed Fruits & Vegetables,Grapes (Conventional),,,,17,,,Preharvest,Input,Variable,Spray 9-10 - Sulfur,,$8.00 ,Sulfur 8 lbs/acre * $0.50/lb * 2 spray,,http://publications.dyson.cornell.edu/outreach/extensionpdf/2014/Cornell-Dyson-eb1401.pdf,,,,,,,
15,Mixed Fruits & Vegetables,Grapes (Conventional),,,,18,,,Preharvest,Input,Variable,Spray 9-10 - Sulfur,,$8.00 ,Sulfur 8 lbs/acre * $0.50/lb * 2 spray,,http://publications.dyson.cornell.edu/outreach/extensionpdf/2014/Cornell-Dyson-eb1401.pdf,,,,,,,
15,Mixed Fruits & Vegetables,Grapes (Conventional),,,,19,,,Preharvest,Input,Variable,Spray 9-10 - Sulfur,,$8.00 ,Sulfur 8 lbs/acre * $0.50/lb * 2 spray,,http://publications.dyson.cornell.edu/outreach/extensionpdf/2014/Cornell-Dyson-eb1401.pdf,,,,,,,
15,Mixed Fruits & Vegetables,Grapes (Conventional),,,,20,,,Preharvest,Input,Variable,Spray 9-10 - Sulfur,,$8.00 ,Sulfur 8 lbs/acre * $0.50/lb * 2 spray,,http://publications.dyson.cornell.edu/outreach/extensionpdf/2014/Cornell-Dyson-eb1401.pdf,,,,,,,
15,Mixed Fruits & Vegetables,Grapes (Conventional),,,,21,,,Preharvest,Input,Variable,Spray 9-10 - Sulfur,,$8.00 ,Sulfur 8 lbs/acre * $0.50/lb * 2 spray,,http://publications.dyson.cornell.edu/outreach/extensionpdf/2014/Cornell-Dyson-eb1401.pdf,,,,,,,
15,Mixed Fruits & Vegetables,Grapes (Conventional),,,,22,,,Preharvest,Input,Variable,Spray 9-10 - Sulfur,,$8.00 ,Sulfur 8 lbs/acre * $0.50/lb * 2 spray,,http://publications.dyson.cornell.edu/outreach/extensionpdf/2014/Cornell-Dyson-eb1401.pdf,,,,,,,
15,Mixed Fruits & Vegetables,Grapes (Conventional),,,,4,,,Preharvest,Input,Variable,Spray 9-10 - ProPhyt,,$15.80 ,ProPhyt 2.5 pt/acre * $3.16/pt * 2 spray,,http://publications.dyson.cornell.edu/outreach/extensionpdf/2014/Cornell-Dyson-eb1401.pdf,,,,,,,
15,Mixed Fruits & Vegetables,Grapes (Conventional),,,,5,,,Preharvest,Input,Variable,Spray 9-10 - ProPhyt,,$15.80 ,ProPhyt 2.5 pt/acre * $3.16/pt * 2 spray,,http://publications.dyson.cornell.edu/outreach/extensionpdf/2014/Cornell-Dyson-eb1401.pdf,,,,,,,
15,Mixed Fruits & Vegetables,Grapes (Conventional),,,,6,,,Preharvest,Input,Variable,Spray 9-10 - ProPhyt,,$15.80 ,ProPhyt 2.5 pt/acre * $3.16/pt * 2 spray,,http://publications.dyson.cornell.edu/outreach/extensionpdf/2014/Cornell-Dyson-eb1401.pdf,,,,,,,
15,Mixed Fruits & Vegetables,Grapes (Conventional),,,,7,,,Preharvest,Input,Variable,Spray 9-10 - ProPhyt,,$15.80 ,ProPhyt 2.5 pt/acre * $3.16/pt * 2 spray,,http://publications.dyson.cornell.edu/outreach/extensionpdf/2014/Cornell-Dyson-eb1401.pdf,,,,,,,
15,Mixed Fruits & Vegetables,Grapes (Conventional),,,,8,,,Preharvest,Input,Variable,Spray 9-10 - ProPhyt,,$15.80 ,ProPhyt 2.5 pt/acre * $3.16/pt * 2 spray,,http://publications.dyson.cornell.edu/outreach/extensionpdf/2014/Cornell-Dyson-eb1401.pdf,,,,,,,
15,Mixed Fruits & Vegetables,Grapes (Conventional),,,,9,,,Preharvest,Input,Variable,Spray 9-10 - ProPhyt,,$15.80 ,ProPhyt 2.5 pt/acre * $3.16/pt * 2 spray,,http://publications.dyson.cornell.edu/outreach/extensionpdf/2014/Cornell-Dyson-eb1401.pdf,,,,,,,
15,Mixed Fruits & Vegetables,Grapes (Conventional),,,,10,,,Preharvest,Input,Variable,Spray 9-10 - ProPhyt,,$15.80 ,ProPhyt 2.5 pt/acre * $3.16/pt * 2 spray,,http://publications.dyson.cornell.edu/outreach/extensionpdf/2014/Cornell-Dyson-eb1401.pdf,,,,,,,
15,Mixed Fruits & Vegetables,Grapes (Conventional),,,,11,,,Preharvest,Input,Variable,Spray 9-10 - ProPhyt,,$15.80 ,ProPhyt 2.5 pt/acre * $3.16/pt * 2 spray,,http://publications.dyson.cornell.edu/outreach/extensionpdf/2014/Cornell-Dyson-eb1401.pdf,,,,,,,
15,Mixed Fruits & Vegetables,Grapes (Conventional),,,,12,,,Preharvest,Input,Variable,Spray 9-10 - ProPhyt,,$15.80 ,ProPhyt 2.5 pt/acre * $3.16/pt * 2 spray,,http://publications.dyson.cornell.edu/outreach/extensionpdf/2014/Cornell-Dyson-eb1401.pdf,,,,,,,
15,Mixed Fruits & Vegetables,Grapes (Conventional),,,,13,,,Preharvest,Input,Variable,Spray 9-10 - ProPhyt,,$15.80 ,ProPhyt 2.5 pt/acre * $3.16/pt * 2 spray,,http://publications.dyson.cornell.edu/outreach/extensionpdf/2014/Cornell-Dyson-eb1401.pdf,,,,,,,
15,Mixed Fruits & Vegetables,Grapes (Conventional),,,,14,,,Preharvest,Input,Variable,Spray 9-10 - ProPhyt,,$15.80 ,ProPhyt 2.5 pt/acre * $3.16/pt * 2 spray,,http://publications.dyson.cornell.edu/outreach/extensionpdf/2014/Cornell-Dyson-eb1401.pdf,,,,,,,
15,Mixed Fruits & Vegetables,Grapes (Conventional),,,,15,,,Preharvest,Input,Variable,Spray 9-10 - ProPhyt,,$15.80 ,ProPhyt 2.5 pt/acre * $3.16/pt * 2 spray,,http://publications.dyson.cornell.edu/outreach/extensionpdf/2014/Cornell-Dyson-eb1401.pdf,,,,,,,
15,Mixed Fruits & Vegetables,Grapes (Conventional),,,,16,,,Preharvest,Input,Variable,Spray 9-10 - ProPhyt,,$15.80 ,ProPhyt 2.5 pt/acre * $3.16/pt * 2 spray,,http://publications.dyson.cornell.edu/outreach/extensionpdf/2014/Cornell-Dyson-eb1401.pdf,,,,,,,
15,Mixed Fruits & Vegetables,Grapes (Conventional),,,,17,,,Preharvest,Input,Variable,Spray 9-10 - ProPhyt,,$15.80 ,ProPhyt 2.5 pt/acre * $3.16/pt * 2 spray,,http://publications.dyson.cornell.edu/outreach/extensionpdf/2014/Cornell-Dyson-eb1401.pdf,,,,,,,
15,Mixed Fruits & Vegetables,Grapes (Conventional),,,,18,,,Preharvest,Input,Variable,Spray 9-10 - ProPhyt,,$15.80 ,ProPhyt 2.5 pt/acre * $3.16/pt * 2 spray,,http://publications.dyson.cornell.edu/outreach/extensionpdf/2014/Cornell-Dyson-eb1401.pdf,,,,,,,
15,Mixed Fruits & Vegetables,Grapes (Conventional),,,,19,,,Preharvest,Input,Variable,Spray 9-10 - ProPhyt,,$15.80 ,ProPhyt 2.5 pt/acre * $3.16/pt * 2 spray,,http://publications.dyson.cornell.edu/outreach/extensionpdf/2014/Cornell-Dyson-eb1401.pdf,,,,,,,
15,Mixed Fruits & Vegetables,Grapes (Conventional),,,,20,,,Preharvest,Input,Variable,Spray 9-10 - ProPhyt,,$15.80 ,ProPhyt 2.5 pt/acre * $3.16/pt * 2 spray,,http://publications.dyson.cornell.edu/outreach/extensionpdf/2014/Cornell-Dyson-eb1401.pdf,,,,,,,
15,Mixed Fruits & Vegetables,Grapes (Conventional),,,,21,,,Preharvest,Input,Variable,Spray 9-10 - ProPhyt,,$15.80 ,ProPhyt 2.5 pt/acre * $3.16/pt * 2 spray,,http://publications.dyson.cornell.edu/outreach/extensionpdf/2014/Cornell-Dyson-eb1401.pdf,,,,,,,
15,Mixed Fruits & Vegetables,Grapes (Conventional),,,,22,,,Preharvest,Input,Variable,Spray 9-10 - ProPhyt,,$15.80 ,ProPhyt 2.5 pt/acre * $3.16/pt * 2 spray,,http://publications.dyson.cornell.edu/outreach/extensionpdf/2014/Cornell-Dyson-eb1401.pdf,,,,,,,
15,Mixed Fruits & Vegetables,Grapes (Conventional),,,,4,,,Preharvest,Input,Variable,Spray 9-10 - Spreader,,$1.25 ,Spreader 4 oz./acre * $20/gal * 2 spray,,http://publications.dyson.cornell.edu/outreach/extensionpdf/2014/Cornell-Dyson-eb1401.pdf,,,,,,,
15,Mixed Fruits & Vegetables,Grapes (Conventional),,,,5,,,Preharvest,Input,Variable,Spray 9-10 - Spreader,,$1.25 ,Spreader 4 oz./acre * $20/gal * 2 spray,,http://publications.dyson.cornell.edu/outreach/extensionpdf/2014/Cornell-Dyson-eb1401.pdf,,,,,,,
15,Mixed Fruits & Vegetables,Grapes (Conventional),,,,6,,,Preharvest,Input,Variable,Spray 9-10 - Spreader,,$1.25 ,Spreader 4 oz./acre * $20/gal * 2 spray,,http://publications.dyson.cornell.edu/outreach/extensionpdf/2014/Cornell-Dyson-eb1401.pdf,,,,,,,
15,Mixed Fruits & Vegetables,Grapes (Conventional),,,,7,,,Preharvest,Input,Variable,Spray 9-10 - Spreader,,$1.25 ,Spreader 4 oz./acre * $20/gal * 2 spray,,http://publications.dyson.cornell.edu/outreach/extensionpdf/2014/Cornell-Dyson-eb1401.pdf,,,,,,,
15,Mixed Fruits & Vegetables,Grapes (Conventional),,,,8,,,Preharvest,Input,Variable,Spray 9-10 - Spreader,,$1.25 ,Spreader 4 oz./acre * $20/gal * 2 spray,,http://publications.dyson.cornell.edu/outreach/extensionpdf/2014/Cornell-Dyson-eb1401.pdf,,,,,,,
15,Mixed Fruits & Vegetables,Grapes (Conventional),,,,9,,,Preharvest,Input,Variable,Spray 9-10 - Spreader,,$1.25 ,Spreader 4 oz./acre * $20/gal * 2 spray,,http://publications.dyson.cornell.edu/outreach/extensionpdf/2014/Cornell-Dyson-eb1401.pdf,,,,,,,
15,Mixed Fruits & Vegetables,Grapes (Conventional),,,,10,,,Preharvest,Input,Variable,Spray 9-10 - Spreader,,$1.25 ,Spreader 4 oz./acre * $20/gal * 2 spray,,http://publications.dyson.cornell.edu/outreach/extensionpdf/2014/Cornell-Dyson-eb1401.pdf,,,,,,,
15,Mixed Fruits & Vegetables,Grapes (Conventional),,,,11,,,Preharvest,Input,Variable,Spray 9-10 - Spreader,,$1.25 ,Spreader 4 oz./acre * $20/gal * 2 spray,,http://publications.dyson.cornell.edu/outreach/extensionpdf/2014/Cornell-Dyson-eb1401.pdf,,,,,,,
15,Mixed Fruits & Vegetables,Grapes (Conventional),,,,12,,,Preharvest,Input,Variable,Spray 9-10 - Spreader,,$1.25 ,Spreader 4 oz./acre * $20/gal * 2 spray,,http://publications.dyson.cornell.edu/outreach/extensionpdf/2014/Cornell-Dyson-eb1401.pdf,,,,,,,
15,Mixed Fruits & Vegetables,Grapes (Conventional),,,,13,,,Preharvest,Input,Variable,Spray 9-10 - Spreader,,$1.25 ,Spreader 4 oz./acre * $20/gal * 2 spray,,http://publications.dyson.cornell.edu/outreach/extensionpdf/2014/Cornell-Dyson-eb1401.pdf,,,,,,,
15,Mixed Fruits & Vegetables,Grapes (Conventional),,,,14,,,Preharvest,Input,Variable,Spray 9-10 - Spreader,,$1.25 ,Spreader 4 oz./acre * $20/gal * 2 spray,,http://publications.dyson.cornell.edu/outreach/extensionpdf/2014/Cornell-Dyson-eb1401.pdf,,,,,,,
15,Mixed Fruits & Vegetables,Grapes (Conventional),,,,15,,,Preharvest,Input,Variable,Spray 9-10 - Spreader,,$1.25 ,Spreader 4 oz./acre * $20/gal * 2 spray,,http://publications.dyson.cornell.edu/outreach/extensionpdf/2014/Cornell-Dyson-eb1401.pdf,,,,,,,
15,Mixed Fruits & Vegetables,Grapes (Conventional),,,,16,,,Preharvest,Input,Variable,Spray 9-10 - Spreader,,$1.25 ,Spreader 4 oz./acre * $20/gal * 2 spray,,http://publications.dyson.cornell.edu/outreach/extensionpdf/2014/Cornell-Dyson-eb1401.pdf,,,,,,,
15,Mixed Fruits & Vegetables,Grapes (Conventional),,,,17,,,Preharvest,Input,Variable,Spray 9-10 - Spreader,,$1.25 ,Spreader 4 oz./acre * $20/gal * 2 spray,,http://publications.dyson.cornell.edu/outreach/extensionpdf/2014/Cornell-Dyson-eb1401.pdf,,,,,,,
15,Mixed Fruits & Vegetables,Grapes (Conventional),,,,18,,,Preharvest,Input,Variable,Spray 9-10 - Spreader,,$1.25 ,Spreader 4 oz./acre * $20/gal * 2 spray,,http://publications.dyson.cornell.edu/outreach/extensionpdf/2014/Cornell-Dyson-eb1401.pdf,,,,,,,
15,Mixed Fruits & Vegetables,Grapes (Conventional),,,,19,,,Preharvest,Input,Variable,Spray 9-10 - Spreader,,$1.25 ,Spreader 4 oz./acre * $20/gal * 2 spray,,http://publications.dyson.cornell.edu/outreach/extensionpdf/2014/Cornell-Dyson-eb1401.pdf,,,,,,,
15,Mixed Fruits & Vegetables,Grapes (Conventional),,,,20,,,Preharvest,Input,Variable,Spray 9-10 - Spreader,,$1.25 ,Spreader 4 oz./acre * $20/gal * 2 spray,,http://publications.dyson.cornell.edu/outreach/extensionpdf/2014/Cornell-Dyson-eb1401.pdf,,,,,,,
15,Mixed Fruits & Vegetables,Grapes (Conventional),,,,21,,,Preharvest,Input,Variable,Spray 9-10 - Spreader,,$1.25 ,Spreader 4 oz./acre * $20/gal * 2 spray,,http://publications.dyson.cornell.edu/outreach/extensionpdf/2014/Cornell-Dyson-eb1401.pdf,,,,,,,
15,Mixed Fruits & Vegetables,Grapes (Conventional),,,,22,,,Preharvest,Input,Variable,Spray 9-10 - Spreader,,$1.25 ,Spreader 4 oz./acre * $20/gal * 2 spray,,http://publications.dyson.cornell.edu/outreach/extensionpdf/2014/Cornell-Dyson-eb1401.pdf,,,,,,,
15,Mixed Fruits & Vegetables,Grapes (Conventional),,,,4,,,Preharvest,Labor,Variable,Sprays 9-10 - Skilled Labor Costs,1.2,$24.00 ,0.6 hours * $20/hour * 2 sprays,,http://publications.dyson.cornell.edu/outreach/extensionpdf/2014/Cornell-Dyson-eb1401.pdf,,,,,,,
15,Mixed Fruits & Vegetables,Grapes (Conventional),,,,5,,,Preharvest,Labor,Variable,Sprays 9-10 - Skilled Labor Costs,1.2,$24.00 ,0.6 hours * $20/hour * 2 sprays,,http://publications.dyson.cornell.edu/outreach/extensionpdf/2014/Cornell-Dyson-eb1401.pdf,,,,,,,
15,Mixed Fruits & Vegetables,Grapes (Conventional),,,,6,,,Preharvest,Labor,Variable,Sprays 9-10 - Skilled Labor Costs,1.2,$24.00 ,0.6 hours * $20/hour * 2 sprays,,http://publications.dyson.cornell.edu/outreach/extensionpdf/2014/Cornell-Dyson-eb1401.pdf,,,,,,,
15,Mixed Fruits & Vegetables,Grapes (Conventional),,,,7,,,Preharvest,Labor,Variable,Sprays 9-10 - Skilled Labor Costs,1.2,$24.00 ,0.6 hours * $20/hour * 2 sprays,,http://publications.dyson.cornell.edu/outreach/extensionpdf/2014/Cornell-Dyson-eb1401.pdf,,,,,,,
15,Mixed Fruits & Vegetables,Grapes (Conventional),,,,8,,,Preharvest,Labor,Variable,Sprays 9-10 - Skilled Labor Costs,1.2,$24.00 ,0.6 hours * $20/hour * 2 sprays,,http://publications.dyson.cornell.edu/outreach/extensionpdf/2014/Cornell-Dyson-eb1401.pdf,,,,,,,
15,Mixed Fruits & Vegetables,Grapes (Conventional),,,,9,,,Preharvest,Labor,Variable,Sprays 9-10 - Skilled Labor Costs,1.2,$24.00 ,0.6 hours * $20/hour * 2 sprays,,http://publications.dyson.cornell.edu/outreach/extensionpdf/2014/Cornell-Dyson-eb1401.pdf,,,,,,,
15,Mixed Fruits & Vegetables,Grapes (Conventional),,,,10,,,Preharvest,Labor,Variable,Sprays 9-10 - Skilled Labor Costs,1.2,$24.00 ,0.6 hours * $20/hour * 2 sprays,,http://publications.dyson.cornell.edu/outreach/extensionpdf/2014/Cornell-Dyson-eb1401.pdf,,,,,,,
15,Mixed Fruits & Vegetables,Grapes (Conventional),,,,11,,,Preharvest,Labor,Variable,Sprays 9-10 - Skilled Labor Costs,1.2,$24.00 ,0.6 hours * $20/hour * 2 sprays,,http://publications.dyson.cornell.edu/outreach/extensionpdf/2014/Cornell-Dyson-eb1401.pdf,,,,,,,
15,Mixed Fruits & Vegetables,Grapes (Conventional),,,,12,,,Preharvest,Labor,Variable,Sprays 9-10 - Skilled Labor Costs,1.2,$24.00 ,0.6 hours * $20/hour * 2 sprays,,http://publications.dyson.cornell.edu/outreach/extensionpdf/2014/Cornell-Dyson-eb1401.pdf,,,,,,,
15,Mixed Fruits & Vegetables,Grapes (Conventional),,,,13,,,Preharvest,Labor,Variable,Sprays 9-10 - Skilled Labor Costs,1.2,$24.00 ,0.6 hours * $20/hour * 2 sprays,,http://publications.dyson.cornell.edu/outreach/extensionpdf/2014/Cornell-Dyson-eb1401.pdf,,,,,,,
15,Mixed Fruits & Vegetables,Grapes (Conventional),,,,14,,,Preharvest,Labor,Variable,Sprays 9-10 - Skilled Labor Costs,1.2,$24.00 ,0.6 hours * $20/hour * 2 sprays,,http://publications.dyson.cornell.edu/outreach/extensionpdf/2014/Cornell-Dyson-eb1401.pdf,,,,,,,
15,Mixed Fruits & Vegetables,Grapes (Conventional),,,,15,,,Preharvest,Labor,Variable,Sprays 9-10 - Skilled Labor Costs,1.2,$24.00 ,0.6 hours * $20/hour * 2 sprays,,http://publications.dyson.cornell.edu/outreach/extensionpdf/2014/Cornell-Dyson-eb1401.pdf,,,,,,,
15,Mixed Fruits & Vegetables,Grapes (Conventional),,,,16,,,Preharvest,Labor,Variable,Sprays 9-10 - Skilled Labor Costs,1.2,$24.00 ,0.6 hours * $20/hour * 2 sprays,,http://publications.dyson.cornell.edu/outreach/extensionpdf/2014/Cornell-Dyson-eb1401.pdf,,,,,,,
15,Mixed Fruits & Vegetables,Grapes (Conventional),,,,17,,,Preharvest,Labor,Variable,Sprays 9-10 - Skilled Labor Costs,1.2,$24.00 ,0.6 hours * $20/hour * 2 sprays,,http://publications.dyson.cornell.edu/outreach/extensionpdf/2014/Cornell-Dyson-eb1401.pdf,,,,,,,
15,Mixed Fruits & Vegetables,Grapes (Conventional),,,,18,,,Preharvest,Labor,Variable,Sprays 9-10 - Skilled Labor Costs,1.2,$24.00 ,0.6 hours * $20/hour * 2 sprays,,http://publications.dyson.cornell.edu/outreach/extensionpdf/2014/Cornell-Dyson-eb1401.pdf,,,,,,,
15,Mixed Fruits & Vegetables,Grapes (Conventional),,,,19,,,Preharvest,Labor,Variable,Sprays 9-10 - Skilled Labor Costs,1.2,$24.00 ,0.6 hours * $20/hour * 2 sprays,,http://publications.dyson.cornell.edu/outreach/extensionpdf/2014/Cornell-Dyson-eb1401.pdf,,,,,,,
15,Mixed Fruits & Vegetables,Grapes (Conventional),,,,20,,,Preharvest,Labor,Variable,Sprays 9-10 - Skilled Labor Costs,1.2,$24.00 ,0.6 hours * $20/hour * 2 sprays,,http://publications.dyson.cornell.edu/outreach/extensionpdf/2014/Cornell-Dyson-eb1401.pdf,,,,,,,
15,Mixed Fruits & Vegetables,Grapes (Conventional),,,,21,,,Preharvest,Labor,Variable,Sprays 9-10 - Skilled Labor Costs,1.2,$24.00 ,0.6 hours * $20/hour * 2 sprays,,http://publications.dyson.cornell.edu/outreach/extensionpdf/2014/Cornell-Dyson-eb1401.pdf,,,,,,,
15,Mixed Fruits & Vegetables,Grapes (Conventional),,,,22,,,Preharvest,Labor,Variable,Sprays 9-10 - Skilled Labor Costs,1.2,$24.00 ,0.6 hours * $20/hour * 2 sprays,,http://publications.dyson.cornell.edu/outreach/extensionpdf/2014/Cornell-Dyson-eb1401.pdf,,,,,,,
15,Mixed Fruits & Vegetables,Grapes (Conventional),,,,4,,,Preharvest,Equipment,Variable,Sprays 9-10 - Equipment Costs,,$27.94 ,$13.97 * 2 sprays ,,http://publications.dyson.cornell.edu/outreach/extensionpdf/2014/Cornell-Dyson-eb1401.pdf,,,,,,,
15,Mixed Fruits & Vegetables,Grapes (Conventional),,,,5,,,Preharvest,Equipment,Variable,Sprays 9-10 - Equipment Costs,,$27.94 ,$13.97 * 2 sprays ,,http://publications.dyson.cornell.edu/outreach/extensionpdf/2014/Cornell-Dyson-eb1401.pdf,,,,,,,
15,Mixed Fruits & Vegetables,Grapes (Conventional),,,,6,,,Preharvest,Equipment,Variable,Sprays 9-10 - Equipment Costs,,$27.94 ,$13.97 * 2 sprays ,,http://publications.dyson.cornell.edu/outreach/extensionpdf/2014/Cornell-Dyson-eb1401.pdf,,,,,,,
15,Mixed Fruits & Vegetables,Grapes (Conventional),,,,7,,,Preharvest,Equipment,Variable,Sprays 9-10 - Equipment Costs,,$27.94 ,$13.97 * 2 sprays ,,http://publications.dyson.cornell.edu/outreach/extensionpdf/2014/Cornell-Dyson-eb1401.pdf,,,,,,,
15,Mixed Fruits & Vegetables,Grapes (Conventional),,,,8,,,Preharvest,Equipment,Variable,Sprays 9-10 - Equipment Costs,,$27.94 ,$13.97 * 2 sprays ,,http://publications.dyson.cornell.edu/outreach/extensionpdf/2014/Cornell-Dyson-eb1401.pdf,,,,,,,
15,Mixed Fruits & Vegetables,Grapes (Conventional),,,,9,,,Preharvest,Equipment,Variable,Sprays 9-10 - Equipment Costs,,$27.94 ,$13.97 * 2 sprays ,,http://publications.dyson.cornell.edu/outreach/extensionpdf/2014/Cornell-Dyson-eb1401.pdf,,,,,,,
15,Mixed Fruits & Vegetables,Grapes (Conventional),,,,10,,,Preharvest,Equipment,Variable,Sprays 9-10 - Equipment Costs,,$27.94 ,$13.97 * 2 sprays ,,http://publications.dyson.cornell.edu/outreach/extensionpdf/2014/Cornell-Dyson-eb1401.pdf,,,,,,,
15,Mixed Fruits & Vegetables,Grapes (Conventional),,,,11,,,Preharvest,Equipment,Variable,Sprays 9-10 - Equipment Costs,,$27.94 ,$13.97 * 2 sprays ,,http://publications.dyson.cornell.edu/outreach/extensionpdf/2014/Cornell-Dyson-eb1401.pdf,,,,,,,
15,Mixed Fruits & Vegetables,Grapes (Conventional),,,,12,,,Preharvest,Equipment,Variable,Sprays 9-10 - Equipment Costs,,$27.94 ,$13.97 * 2 sprays ,,http://publications.dyson.cornell.edu/outreach/extensionpdf/2014/Cornell-Dyson-eb1401.pdf,,,,,,,
15,Mixed Fruits & Vegetables,Grapes (Conventional),,,,13,,,Preharvest,Equipment,Variable,Sprays 9-10 - Equipment Costs,,$27.94 ,$13.97 * 2 sprays ,,http://publications.dyson.cornell.edu/outreach/extensionpdf/2014/Cornell-Dyson-eb1401.pdf,,,,,,,
15,Mixed Fruits & Vegetables,Grapes (Conventional),,,,14,,,Preharvest,Equipment,Variable,Sprays 9-10 - Equipment Costs,,$27.94 ,$13.97 * 2 sprays ,,http://publications.dyson.cornell.edu/outreach/extensionpdf/2014/Cornell-Dyson-eb1401.pdf,,,,,,,
15,Mixed Fruits & Vegetables,Grapes (Conventional),,,,15,,,Preharvest,Equipment,Variable,Sprays 9-10 - Equipment Costs,,$27.94 ,$13.97 * 2 sprays ,,http://publications.dyson.cornell.edu/outreach/extensionpdf/2014/Cornell-Dyson-eb1401.pdf,,,,,,,
15,Mixed Fruits & Vegetables,Grapes (Conventional),,,,16,,,Preharvest,Equipment,Variable,Sprays 9-10 - Equipment Costs,,$27.94 ,$13.97 * 2 sprays ,,http://publications.dyson.cornell.edu/outreach/extensionpdf/2014/Cornell-Dyson-eb1401.pdf,,,,,,,
15,Mixed Fruits & Vegetables,Grapes (Conventional),,,,17,,,Preharvest,Equipment,Variable,Sprays 9-10 - Equipment Costs,,$27.94 ,$13.97 * 2 sprays ,,http://publications.dyson.cornell.edu/outreach/extensionpdf/2014/Cornell-Dyson-eb1401.pdf,,,,,,,
15,Mixed Fruits & Vegetables,Grapes (Conventional),,,,18,,,Preharvest,Equipment,Variable,Sprays 9-10 - Equipment Costs,,$27.94 ,$13.97 * 2 sprays ,,http://publications.dyson.cornell.edu/outreach/extensionpdf/2014/Cornell-Dyson-eb1401.pdf,,,,,,,
15,Mixed Fruits & Vegetables,Grapes (Conventional),,,,19,,,Preharvest,Equipment,Variable,Sprays 9-10 - Equipment Costs,,$27.94 ,$13.97 * 2 sprays ,,http://publications.dyson.cornell.edu/outreach/extensionpdf/2014/Cornell-Dyson-eb1401.pdf,,,,,,,
15,Mixed Fruits & Vegetables,Grapes (Conventional),,,,20,,,Preharvest,Equipment,Variable,Sprays 9-10 - Equipment Costs,,$27.94 ,$13.97 * 2 sprays ,,http://publications.dyson.cornell.edu/outreach/extensionpdf/2014/Cornell-Dyson-eb1401.pdf,,,,,,,
15,Mixed Fruits & Vegetables,Grapes (Conventional),,,,21,,,Preharvest,Equipment,Variable,Sprays 9-10 - Equipment Costs,,$27.94 ,$13.97 * 2 sprays ,,http://publications.dyson.cornell.edu/outreach/extensionpdf/2014/Cornell-Dyson-eb1401.pdf,,,,,,,
15,Mixed Fruits & Vegetables,Grapes (Conventional),,,,22,,,Preharvest,Equipment,Variable,Sprays 9-10 - Equipment Costs,,$27.94 ,$13.97 * 2 sprays ,,http://publications.dyson.cornell.edu/outreach/extensionpdf/2014/Cornell-Dyson-eb1401.pdf,,,,,,,
15,Mixed Fruits & Vegetables,Grapes (Conventional),,,,4,,,Preharvest,Input,Variable,Spray 11 - Captan 80 WP,,$16.50 ,Captan 80WP 2.5 lbs/acre * $6.60/lb * 1 spray,,http://publications.dyson.cornell.edu/outreach/extensionpdf/2014/Cornell-Dyson-eb1401.pdf,,,,,,,
15,Mixed Fruits & Vegetables,Grapes (Conventional),,,,5,,,Preharvest,Input,Variable,Spray 11 - Captan 80 WP,,$16.50 ,Captan 80WP 2.5 lbs/acre * $6.60/lb * 1 spray,,http://publications.dyson.cornell.edu/outreach/extensionpdf/2014/Cornell-Dyson-eb1401.pdf,,,,,,,
15,Mixed Fruits & Vegetables,Grapes (Conventional),,,,6,,,Preharvest,Input,Variable,Spray 11 - Captan 80 WP,,$16.50 ,Captan 80WP 2.5 lbs/acre * $6.60/lb * 1 spray,,http://publications.dyson.cornell.edu/outreach/extensionpdf/2014/Cornell-Dyson-eb1401.pdf,,,,,,,
15,Mixed Fruits & Vegetables,Grapes (Conventional),,,,7,,,Preharvest,Input,Variable,Spray 11 - Captan 80 WP,,$16.50 ,Captan 80WP 2.5 lbs/acre * $6.60/lb * 1 spray,,http://publications.dyson.cornell.edu/outreach/extensionpdf/2014/Cornell-Dyson-eb1401.pdf,,,,,,,
15,Mixed Fruits & Vegetables,Grapes (Conventional),,,,8,,,Preharvest,Input,Variable,Spray 11 - Captan 80 WP,,$16.50 ,Captan 80WP 2.5 lbs/acre * $6.60/lb * 1 spray,,http://publications.dyson.cornell.edu/outreach/extensionpdf/2014/Cornell-Dyson-eb1401.pdf,,,,,,,
15,Mixed Fruits & Vegetables,Grapes (Conventional),,,,9,,,Preharvest,Input,Variable,Spray 11 - Captan 80 WP,,$16.50 ,Captan 80WP 2.5 lbs/acre * $6.60/lb * 1 spray,,http://publications.dyson.cornell.edu/outreach/extensionpdf/2014/Cornell-Dyson-eb1401.pdf,,,,,,,
15,Mixed Fruits & Vegetables,Grapes (Conventional),,,,10,,,Preharvest,Input,Variable,Spray 11 - Captan 80 WP,,$16.50 ,Captan 80WP 2.5 lbs/acre * $6.60/lb * 1 spray,,http://publications.dyson.cornell.edu/outreach/extensionpdf/2014/Cornell-Dyson-eb1401.pdf,,,,,,,
15,Mixed Fruits & Vegetables,Grapes (Conventional),,,,11,,,Preharvest,Input,Variable,Spray 11 - Captan 80 WP,,$16.50 ,Captan 80WP 2.5 lbs/acre * $6.60/lb * 1 spray,,http://publications.dyson.cornell.edu/outreach/extensionpdf/2014/Cornell-Dyson-eb1401.pdf,,,,,,,
15,Mixed Fruits & Vegetables,Grapes (Conventional),,,,12,,,Preharvest,Input,Variable,Spray 11 - Captan 80 WP,,$16.50 ,Captan 80WP 2.5 lbs/acre * $6.60/lb * 1 spray,,http://publications.dyson.cornell.edu/outreach/extensionpdf/2014/Cornell-Dyson-eb1401.pdf,,,,,,,
15,Mixed Fruits & Vegetables,Grapes (Conventional),,,,13,,,Preharvest,Input,Variable,Spray 11 - Captan 80 WP,,$16.50 ,Captan 80WP 2.5 lbs/acre * $6.60/lb * 1 spray,,http://publications.dyson.cornell.edu/outreach/extensionpdf/2014/Cornell-Dyson-eb1401.pdf,,,,,,,
15,Mixed Fruits & Vegetables,Grapes (Conventional),,,,14,,,Preharvest,Input,Variable,Spray 11 - Captan 80 WP,,$16.50 ,Captan 80WP 2.5 lbs/acre * $6.60/lb * 1 spray,,http://publications.dyson.cornell.edu/outreach/extensionpdf/2014/Cornell-Dyson-eb1401.pdf,,,,,,,
15,Mixed Fruits & Vegetables,Grapes (Conventional),,,,15,,,Preharvest,Input,Variable,Spray 11 - Captan 80 WP,,$16.50 ,Captan 80WP 2.5 lbs/acre * $6.60/lb * 1 spray,,http://publications.dyson.cornell.edu/outreach/extensionpdf/2014/Cornell-Dyson-eb1401.pdf,,,,,,,
15,Mixed Fruits & Vegetables,Grapes (Conventional),,,,16,,,Preharvest,Input,Variable,Spray 11 - Captan 80 WP,,$16.50 ,Captan 80WP 2.5 lbs/acre * $6.60/lb * 1 spray,,http://publications.dyson.cornell.edu/outreach/extensionpdf/2014/Cornell-Dyson-eb1401.pdf,,,,,,,
15,Mixed Fruits & Vegetables,Grapes (Conventional),,,,17,,,Preharvest,Input,Variable,Spray 11 - Captan 80 WP,,$16.50 ,Captan 80WP 2.5 lbs/acre * $6.60/lb * 1 spray,,http://publications.dyson.cornell.edu/outreach/extensionpdf/2014/Cornell-Dyson-eb1401.pdf,,,,,,,
15,Mixed Fruits & Vegetables,Grapes (Conventional),,,,18,,,Preharvest,Input,Variable,Spray 11 - Captan 80 WP,,$16.50 ,Captan 80WP 2.5 lbs/acre * $6.60/lb * 1 spray,,http://publications.dyson.cornell.edu/outreach/extensionpdf/2014/Cornell-Dyson-eb1401.pdf,,,,,,,
15,Mixed Fruits & Vegetables,Grapes (Conventional),,,,19,,,Preharvest,Input,Variable,Spray 11 - Captan 80 WP,,$16.50 ,Captan 80WP 2.5 lbs/acre * $6.60/lb * 1 spray,,http://publications.dyson.cornell.edu/outreach/extensionpdf/2014/Cornell-Dyson-eb1401.pdf,,,,,,,
15,Mixed Fruits & Vegetables,Grapes (Conventional),,,,20,,,Preharvest,Input,Variable,Spray 11 - Captan 80 WP,,$16.50 ,Captan 80WP 2.5 lbs/acre * $6.60/lb * 1 spray,,http://publications.dyson.cornell.edu/outreach/extensionpdf/2014/Cornell-Dyson-eb1401.pdf,,,,,,,
15,Mixed Fruits & Vegetables,Grapes (Conventional),,,,21,,,Preharvest,Input,Variable,Spray 11 - Captan 80 WP,,$16.50 ,Captan 80WP 2.5 lbs/acre * $6.60/lb * 1 spray,,http://publications.dyson.cornell.edu/outreach/extensionpdf/2014/Cornell-Dyson-eb1401.pdf,,,,,,,
15,Mixed Fruits & Vegetables,Grapes (Conventional),,,,22,,,Preharvest,Input,Variable,Spray 11 - Captan 80 WP,,$16.50 ,Captan 80WP 2.5 lbs/acre * $6.60/lb * 1 spray,,http://publications.dyson.cornell.edu/outreach/extensionpdf/2014/Cornell-Dyson-eb1401.pdf,,,,,,,
15,Mixed Fruits & Vegetables,Grapes (Conventional),,,,4,,,Preharvest,Input,Variable,Spray 11 - Sulfur,,$2.50 ,Sulfur 5 lbs/acre * $0.50/lb * 1 spray,,http://publications.dyson.cornell.edu/outreach/extensionpdf/2014/Cornell-Dyson-eb1401.pdf,,,,,,,
15,Mixed Fruits & Vegetables,Grapes (Conventional),,,,5,,,Preharvest,Input,Variable,Spray 11 - Sulfur,,$2.50 ,Sulfur 5 lbs/acre * $0.50/lb * 1 spray,,http://publications.dyson.cornell.edu/outreach/extensionpdf/2014/Cornell-Dyson-eb1401.pdf,,,,,,,
15,Mixed Fruits & Vegetables,Grapes (Conventional),,,,6,,,Preharvest,Input,Variable,Spray 11 - Sulfur,,$2.50 ,Sulfur 5 lbs/acre * $0.50/lb * 1 spray,,http://publications.dyson.cornell.edu/outreach/extensionpdf/2014/Cornell-Dyson-eb1401.pdf,,,,,,,
15,Mixed Fruits & Vegetables,Grapes (Conventional),,,,7,,,Preharvest,Input,Variable,Spray 11 - Sulfur,,$2.50 ,Sulfur 5 lbs/acre * $0.50/lb * 1 spray,,http://publications.dyson.cornell.edu/outreach/extensionpdf/2014/Cornell-Dyson-eb1401.pdf,,,,,,,
15,Mixed Fruits & Vegetables,Grapes (Conventional),,,,8,,,Preharvest,Input,Variable,Spray 11 - Sulfur,,$2.50 ,Sulfur 5 lbs/acre * $0.50/lb * 1 spray,,http://publications.dyson.cornell.edu/outreach/extensionpdf/2014/Cornell-Dyson-eb1401.pdf,,,,,,,
15,Mixed Fruits & Vegetables,Grapes (Conventional),,,,9,,,Preharvest,Input,Variable,Spray 11 - Sulfur,,$2.50 ,Sulfur 5 lbs/acre * $0.50/lb * 1 spray,,http://publications.dyson.cornell.edu/outreach/extensionpdf/2014/Cornell-Dyson-eb1401.pdf,,,,,,,
15,Mixed Fruits & Vegetables,Grapes (Conventional),,,,10,,,Preharvest,Input,Variable,Spray 11 - Sulfur,,$2.50 ,Sulfur 5 lbs/acre * $0.50/lb * 1 spray,,http://publications.dyson.cornell.edu/outreach/extensionpdf/2014/Cornell-Dyson-eb1401.pdf,,,,,,,
15,Mixed Fruits & Vegetables,Grapes (Conventional),,,,11,,,Preharvest,Input,Variable,Spray 11 - Sulfur,,$2.50 ,Sulfur 5 lbs/acre * $0.50/lb * 1 spray,,http://publications.dyson.cornell.edu/outreach/extensionpdf/2014/Cornell-Dyson-eb1401.pdf,,,,,,,
15,Mixed Fruits & Vegetables,Grapes (Conventional),,,,12,,,Preharvest,Input,Variable,Spray 11 - Sulfur,,$2.50 ,Sulfur 5 lbs/acre * $0.50/lb * 1 spray,,http://publications.dyson.cornell.edu/outreach/extensionpdf/2014/Cornell-Dyson-eb1401.pdf,,,,,,,
15,Mixed Fruits & Vegetables,Grapes (Conventional),,,,13,,,Preharvest,Input,Variable,Spray 11 - Sulfur,,$2.50 ,Sulfur 5 lbs/acre * $0.50/lb * 1 spray,,http://publications.dyson.cornell.edu/outreach/extensionpdf/2014/Cornell-Dyson-eb1401.pdf,,,,,,,
15,Mixed Fruits & Vegetables,Grapes (Conventional),,,,14,,,Preharvest,Input,Variable,Spray 11 - Sulfur,,$2.50 ,Sulfur 5 lbs/acre * $0.50/lb * 1 spray,,http://publications.dyson.cornell.edu/outreach/extensionpdf/2014/Cornell-Dyson-eb1401.pdf,,,,,,,
15,Mixed Fruits & Vegetables,Grapes (Conventional),,,,15,,,Preharvest,Input,Variable,Spray 11 - Sulfur,,$2.50 ,Sulfur 5 lbs/acre * $0.50/lb * 1 spray,,http://publications.dyson.cornell.edu/outreach/extensionpdf/2014/Cornell-Dyson-eb1401.pdf,,,,,,,
15,Mixed Fruits & Vegetables,Grapes (Conventional),,,,16,,,Preharvest,Input,Variable,Spray 11 - Sulfur,,$2.50 ,Sulfur 5 lbs/acre * $0.50/lb * 1 spray,,http://publications.dyson.cornell.edu/outreach/extensionpdf/2014/Cornell-Dyson-eb1401.pdf,,,,,,,
15,Mixed Fruits & Vegetables,Grapes (Conventional),,,,17,,,Preharvest,Input,Variable,Spray 11 - Sulfur,,$2.50 ,Sulfur 5 lbs/acre * $0.50/lb * 1 spray,,http://publications.dyson.cornell.edu/outreach/extensionpdf/2014/Cornell-Dyson-eb1401.pdf,,,,,,,
15,Mixed Fruits & Vegetables,Grapes (Conventional),,,,18,,,Preharvest,Input,Variable,Spray 11 - Sulfur,,$2.50 ,Sulfur 5 lbs/acre * $0.50/lb * 1 spray,,http://publications.dyson.cornell.edu/outreach/extensionpdf/2014/Cornell-Dyson-eb1401.pdf,,,,,,,
15,Mixed Fruits & Vegetables,Grapes (Conventional),,,,19,,,Preharvest,Input,Variable,Spray 11 - Sulfur,,$2.50 ,Sulfur 5 lbs/acre * $0.50/lb * 1 spray,,http://publications.dyson.cornell.edu/outreach/extensionpdf/2014/Cornell-Dyson-eb1401.pdf,,,,,,,
15,Mixed Fruits & Vegetables,Grapes (Conventional),,,,20,,,Preharvest,Input,Variable,Spray 11 - Sulfur,,$2.50 ,Sulfur 5 lbs/acre * $0.50/lb * 1 spray,,http://publications.dyson.cornell.edu/outreach/extensionpdf/2014/Cornell-Dyson-eb1401.pdf,,,,,,,
15,Mixed Fruits & Vegetables,Grapes (Conventional),,,,21,,,Preharvest,Input,Variable,Spray 11 - Sulfur,,$2.50 ,Sulfur 5 lbs/acre * $0.50/lb * 1 spray,,http://publications.dyson.cornell.edu/outreach/extensionpdf/2014/Cornell-Dyson-eb1401.pdf,,,,,,,
15,Mixed Fruits & Vegetables,Grapes (Conventional),,,,22,,,Preharvest,Input,Variable,Spray 11 - Sulfur,,$2.50 ,Sulfur 5 lbs/acre * $0.50/lb * 1 spray,,http://publications.dyson.cornell.edu/outreach/extensionpdf/2014/Cornell-Dyson-eb1401.pdf,,,,,,,
15,Mixed Fruits & Vegetables,Grapes (Conventional),,,,4,,,Preharvest,Input,Variable,Spray 11 - Vanguard 75WP,,$37.50 ,Vanguard 75WP 10 oz/acre * $3.75/oz * 1 spray,,http://publications.dyson.cornell.edu/outreach/extensionpdf/2014/Cornell-Dyson-eb1401.pdf,,,,,,,
15,Mixed Fruits & Vegetables,Grapes (Conventional),,,,5,,,Preharvest,Input,Variable,Spray 11 - Vanguard 75WP,,$37.50 ,Vanguard 75WP 10 oz/acre * $3.75/oz * 1 spray,,http://publications.dyson.cornell.edu/outreach/extensionpdf/2014/Cornell-Dyson-eb1401.pdf,,,,,,,
15,Mixed Fruits & Vegetables,Grapes (Conventional),,,,6,,,Preharvest,Input,Variable,Spray 11 - Vanguard 75WP,,$37.50 ,Vanguard 75WP 10 oz/acre * $3.75/oz * 1 spray,,http://publications.dyson.cornell.edu/outreach/extensionpdf/2014/Cornell-Dyson-eb1401.pdf,,,,,,,
15,Mixed Fruits & Vegetables,Grapes (Conventional),,,,7,,,Preharvest,Input,Variable,Spray 11 - Vanguard 75WP,,$37.50 ,Vanguard 75WP 10 oz/acre * $3.75/oz * 1 spray,,http://publications.dyson.cornell.edu/outreach/extensionpdf/2014/Cornell-Dyson-eb1401.pdf,,,,,,,
15,Mixed Fruits & Vegetables,Grapes (Conventional),,,,8,,,Preharvest,Input,Variable,Spray 11 - Vanguard 75WP,,$37.50 ,Vanguard 75WP 10 oz/acre * $3.75/oz * 1 spray,,http://publications.dyson.cornell.edu/outreach/extensionpdf/2014/Cornell-Dyson-eb1401.pdf,,,,,,,
15,Mixed Fruits & Vegetables,Grapes (Conventional),,,,9,,,Preharvest,Input,Variable,Spray 11 - Vanguard 75WP,,$37.50 ,Vanguard 75WP 10 oz/acre * $3.75/oz * 1 spray,,http://publications.dyson.cornell.edu/outreach/extensionpdf/2014/Cornell-Dyson-eb1401.pdf,,,,,,,
15,Mixed Fruits & Vegetables,Grapes (Conventional),,,,10,,,Preharvest,Input,Variable,Spray 11 - Vanguard 75WP,,$37.50 ,Vanguard 75WP 10 oz/acre * $3.75/oz * 1 spray,,http://publications.dyson.cornell.edu/outreach/extensionpdf/2014/Cornell-Dyson-eb1401.pdf,,,,,,,
15,Mixed Fruits & Vegetables,Grapes (Conventional),,,,11,,,Preharvest,Input,Variable,Spray 11 - Vanguard 75WP,,$37.50 ,Vanguard 75WP 10 oz/acre * $3.75/oz * 1 spray,,http://publications.dyson.cornell.edu/outreach/extensionpdf/2014/Cornell-Dyson-eb1401.pdf,,,,,,,
15,Mixed Fruits & Vegetables,Grapes (Conventional),,,,12,,,Preharvest,Input,Variable,Spray 11 - Vanguard 75WP,,$37.50 ,Vanguard 75WP 10 oz/acre * $3.75/oz * 1 spray,,http://publications.dyson.cornell.edu/outreach/extensionpdf/2014/Cornell-Dyson-eb1401.pdf,,,,,,,
15,Mixed Fruits & Vegetables,Grapes (Conventional),,,,13,,,Preharvest,Input,Variable,Spray 11 - Vanguard 75WP,,$37.50 ,Vanguard 75WP 10 oz/acre * $3.75/oz * 1 spray,,http://publications.dyson.cornell.edu/outreach/extensionpdf/2014/Cornell-Dyson-eb1401.pdf,,,,,,,
15,Mixed Fruits & Vegetables,Grapes (Conventional),,,,14,,,Preharvest,Input,Variable,Spray 11 - Vanguard 75WP,,$37.50 ,Vanguard 75WP 10 oz/acre * $3.75/oz * 1 spray,,http://publications.dyson.cornell.edu/outreach/extensionpdf/2014/Cornell-Dyson-eb1401.pdf,,,,,,,
15,Mixed Fruits & Vegetables,Grapes (Conventional),,,,15,,,Preharvest,Input,Variable,Spray 11 - Vanguard 75WP,,$37.50 ,Vanguard 75WP 10 oz/acre * $3.75/oz * 1 spray,,http://publications.dyson.cornell.edu/outreach/extensionpdf/2014/Cornell-Dyson-eb1401.pdf,,,,,,,
15,Mixed Fruits & Vegetables,Grapes (Conventional),,,,16,,,Preharvest,Input,Variable,Spray 11 - Vanguard 75WP,,$37.50 ,Vanguard 75WP 10 oz/acre * $3.75/oz * 1 spray,,http://publications.dyson.cornell.edu/outreach/extensionpdf/2014/Cornell-Dyson-eb1401.pdf,,,,,,,
15,Mixed Fruits & Vegetables,Grapes (Conventional),,,,17,,,Preharvest,Input,Variable,Spray 11 - Vanguard 75WP,,$37.50 ,Vanguard 75WP 10 oz/acre * $3.75/oz * 1 spray,,http://publications.dyson.cornell.edu/outreach/extensionpdf/2014/Cornell-Dyson-eb1401.pdf,,,,,,,
15,Mixed Fruits & Vegetables,Grapes (Conventional),,,,18,,,Preharvest,Input,Variable,Spray 11 - Vanguard 75WP,,$37.50 ,Vanguard 75WP 10 oz/acre * $3.75/oz * 1 spray,,http://publications.dyson.cornell.edu/outreach/extensionpdf/2014/Cornell-Dyson-eb1401.pdf,,,,,,,
15,Mixed Fruits & Vegetables,Grapes (Conventional),,,,19,,,Preharvest,Input,Variable,Spray 11 - Vanguard 75WP,,$37.50 ,Vanguard 75WP 10 oz/acre * $3.75/oz * 1 spray,,http://publications.dyson.cornell.edu/outreach/extensionpdf/2014/Cornell-Dyson-eb1401.pdf,,,,,,,
15,Mixed Fruits & Vegetables,Grapes (Conventional),,,,20,,,Preharvest,Input,Variable,Spray 11 - Vanguard 75WP,,$37.50 ,Vanguard 75WP 10 oz/acre * $3.75/oz * 1 spray,,http://publications.dyson.cornell.edu/outreach/extensionpdf/2014/Cornell-Dyson-eb1401.pdf,,,,,,,
15,Mixed Fruits & Vegetables,Grapes (Conventional),,,,21,,,Preharvest,Input,Variable,Spray 11 - Vanguard 75WP,,$37.50 ,Vanguard 75WP 10 oz/acre * $3.75/oz * 1 spray,,http://publications.dyson.cornell.edu/outreach/extensionpdf/2014/Cornell-Dyson-eb1401.pdf,,,,,,,
15,Mixed Fruits & Vegetables,Grapes (Conventional),,,,22,,,Preharvest,Input,Variable,Spray 11 - Vanguard 75WP,,$37.50 ,Vanguard 75WP 10 oz/acre * $3.75/oz * 1 spray,,http://publications.dyson.cornell.edu/outreach/extensionpdf/2014/Cornell-Dyson-eb1401.pdf,,,,,,,
15,Mixed Fruits & Vegetables,Grapes (Conventional),,,,4,,,Preharvest,Input,Variable,Spray 11 - Spreader,,$0.63 ,Spreader 4 oz./acre * $20/gal * 1 spray,,http://publications.dyson.cornell.edu/outreach/extensionpdf/2014/Cornell-Dyson-eb1401.pdf,,,,,,,
15,Mixed Fruits & Vegetables,Grapes (Conventional),,,,5,,,Preharvest,Input,Variable,Spray 11 - Spreader,,$0.63 ,Spreader 4 oz./acre * $20/gal * 1 spray,,http://publications.dyson.cornell.edu/outreach/extensionpdf/2014/Cornell-Dyson-eb1401.pdf,,,,,,,
15,Mixed Fruits & Vegetables,Grapes (Conventional),,,,6,,,Preharvest,Input,Variable,Spray 11 - Spreader,,$0.63 ,Spreader 4 oz./acre * $20/gal * 1 spray,,http://publications.dyson.cornell.edu/outreach/extensionpdf/2014/Cornell-Dyson-eb1401.pdf,,,,,,,
15,Mixed Fruits & Vegetables,Grapes (Conventional),,,,7,,,Preharvest,Input,Variable,Spray 11 - Spreader,,$0.63 ,Spreader 4 oz./acre * $20/gal * 1 spray,,http://publications.dyson.cornell.edu/outreach/extensionpdf/2014/Cornell-Dyson-eb1401.pdf,,,,,,,
15,Mixed Fruits & Vegetables,Grapes (Conventional),,,,8,,,Preharvest,Input,Variable,Spray 11 - Spreader,,$0.63 ,Spreader 4 oz./acre * $20/gal * 1 spray,,http://publications.dyson.cornell.edu/outreach/extensionpdf/2014/Cornell-Dyson-eb1401.pdf,,,,,,,
15,Mixed Fruits & Vegetables,Grapes (Conventional),,,,9,,,Preharvest,Input,Variable,Spray 11 - Spreader,,$0.63 ,Spreader 4 oz./acre * $20/gal * 1 spray,,http://publications.dyson.cornell.edu/outreach/extensionpdf/2014/Cornell-Dyson-eb1401.pdf,,,,,,,
15,Mixed Fruits & Vegetables,Grapes (Conventional),,,,10,,,Preharvest,Input,Variable,Spray 11 - Spreader,,$0.63 ,Spreader 4 oz./acre * $20/gal * 1 spray,,http://publications.dyson.cornell.edu/outreach/extensionpdf/2014/Cornell-Dyson-eb1401.pdf,,,,,,,
15,Mixed Fruits & Vegetables,Grapes (Conventional),,,,11,,,Preharvest,Input,Variable,Spray 11 - Spreader,,$0.63 ,Spreader 4 oz./acre * $20/gal * 1 spray,,http://publications.dyson.cornell.edu/outreach/extensionpdf/2014/Cornell-Dyson-eb1401.pdf,,,,,,,
15,Mixed Fruits & Vegetables,Grapes (Conventional),,,,12,,,Preharvest,Input,Variable,Spray 11 - Spreader,,$0.63 ,Spreader 4 oz./acre * $20/gal * 1 spray,,http://publications.dyson.cornell.edu/outreach/extensionpdf/2014/Cornell-Dyson-eb1401.pdf,,,,,,,
15,Mixed Fruits & Vegetables,Grapes (Conventional),,,,13,,,Preharvest,Input,Variable,Spray 11 - Spreader,,$0.63 ,Spreader 4 oz./acre * $20/gal * 1 spray,,http://publications.dyson.cornell.edu/outreach/extensionpdf/2014/Cornell-Dyson-eb1401.pdf,,,,,,,
15,Mixed Fruits & Vegetables,Grapes (Conventional),,,,14,,,Preharvest,Input,Variable,Spray 11 - Spreader,,$0.63 ,Spreader 4 oz./acre * $20/gal * 1 spray,,http://publications.dyson.cornell.edu/outreach/extensionpdf/2014/Cornell-Dyson-eb1401.pdf,,,,,,,
15,Mixed Fruits & Vegetables,Grapes (Conventional),,,,15,,,Preharvest,Input,Variable,Spray 11 - Spreader,,$0.63 ,Spreader 4 oz./acre * $20/gal * 1 spray,,http://publications.dyson.cornell.edu/outreach/extensionpdf/2014/Cornell-Dyson-eb1401.pdf,,,,,,,
15,Mixed Fruits & Vegetables,Grapes (Conventional),,,,16,,,Preharvest,Input,Variable,Spray 11 - Spreader,,$0.63 ,Spreader 4 oz./acre * $20/gal * 1 spray,,http://publications.dyson.cornell.edu/outreach/extensionpdf/2014/Cornell-Dyson-eb1401.pdf,,,,,,,
15,Mixed Fruits & Vegetables,Grapes (Conventional),,,,17,,,Preharvest,Input,Variable,Spray 11 - Spreader,,$0.63 ,Spreader 4 oz./acre * $20/gal * 1 spray,,http://publications.dyson.cornell.edu/outreach/extensionpdf/2014/Cornell-Dyson-eb1401.pdf,,,,,,,
15,Mixed Fruits & Vegetables,Grapes (Conventional),,,,18,,,Preharvest,Input,Variable,Spray 11 - Spreader,,$0.63 ,Spreader 4 oz./acre * $20/gal * 1 spray,,http://publications.dyson.cornell.edu/outreach/extensionpdf/2014/Cornell-Dyson-eb1401.pdf,,,,,,,
15,Mixed Fruits & Vegetables,Grapes (Conventional),,,,19,,,Preharvest,Input,Variable,Spray 11 - Spreader,,$0.63 ,Spreader 4 oz./acre * $20/gal * 1 spray,,http://publications.dyson.cornell.edu/outreach/extensionpdf/2014/Cornell-Dyson-eb1401.pdf,,,,,,,
15,Mixed Fruits & Vegetables,Grapes (Conventional),,,,20,,,Preharvest,Input,Variable,Spray 11 - Spreader,,$0.63 ,Spreader 4 oz./acre * $20/gal * 1 spray,,http://publications.dyson.cornell.edu/outreach/extensionpdf/2014/Cornell-Dyson-eb1401.pdf,,,,,,,
15,Mixed Fruits & Vegetables,Grapes (Conventional),,,,21,,,Preharvest,Input,Variable,Spray 11 - Spreader,,$0.63 ,Spreader 4 oz./acre * $20/gal * 1 spray,,http://publications.dyson.cornell.edu/outreach/extensionpdf/2014/Cornell-Dyson-eb1401.pdf,,,,,,,
15,Mixed Fruits & Vegetables,Grapes (Conventional),,,,22,,,Preharvest,Input,Variable,Spray 11 - Spreader,,$0.63 ,Spreader 4 oz./acre * $20/gal * 1 spray,,http://publications.dyson.cornell.edu/outreach/extensionpdf/2014/Cornell-Dyson-eb1401.pdf,,,,,,,
15,Mixed Fruits & Vegetables,Grapes (Conventional),,,,4,,,Preharvest,Labor,Variable,Spray 11 - Skilled Labor Costs,0.6,$12.00 ,0.6 hours * $20/hour * 1 spray,,http://publications.dyson.cornell.edu/outreach/extensionpdf/2014/Cornell-Dyson-eb1401.pdf,,,,,,,
15,Mixed Fruits & Vegetables,Grapes (Conventional),,,,5,,,Preharvest,Labor,Variable,Spray 11 - Skilled Labor Costs,0.6,$12.00 ,0.6 hours * $20/hour * 1 spray,,http://publications.dyson.cornell.edu/outreach/extensionpdf/2014/Cornell-Dyson-eb1401.pdf,,,,,,,
15,Mixed Fruits & Vegetables,Grapes (Conventional),,,,6,,,Preharvest,Labor,Variable,Spray 11 - Skilled Labor Costs,0.6,$12.00 ,0.6 hours * $20/hour * 1 spray,,http://publications.dyson.cornell.edu/outreach/extensionpdf/2014/Cornell-Dyson-eb1401.pdf,,,,,,,
15,Mixed Fruits & Vegetables,Grapes (Conventional),,,,7,,,Preharvest,Labor,Variable,Spray 11 - Skilled Labor Costs,0.6,$12.00 ,0.6 hours * $20/hour * 1 spray,,http://publications.dyson.cornell.edu/outreach/extensionpdf/2014/Cornell-Dyson-eb1401.pdf,,,,,,,
15,Mixed Fruits & Vegetables,Grapes (Conventional),,,,8,,,Preharvest,Labor,Variable,Spray 11 - Skilled Labor Costs,0.6,$12.00 ,0.6 hours * $20/hour * 1 spray,,http://publications.dyson.cornell.edu/outreach/extensionpdf/2014/Cornell-Dyson-eb1401.pdf,,,,,,,
15,Mixed Fruits & Vegetables,Grapes (Conventional),,,,9,,,Preharvest,Labor,Variable,Spray 11 - Skilled Labor Costs,0.6,$12.00 ,0.6 hours * $20/hour * 1 spray,,http://publications.dyson.cornell.edu/outreach/extensionpdf/2014/Cornell-Dyson-eb1401.pdf,,,,,,,
15,Mixed Fruits & Vegetables,Grapes (Conventional),,,,10,,,Preharvest,Labor,Variable,Spray 11 - Skilled Labor Costs,0.6,$12.00 ,0.6 hours * $20/hour * 1 spray,,http://publications.dyson.cornell.edu/outreach/extensionpdf/2014/Cornell-Dyson-eb1401.pdf,,,,,,,
15,Mixed Fruits & Vegetables,Grapes (Conventional),,,,11,,,Preharvest,Labor,Variable,Spray 11 - Skilled Labor Costs,0.6,$12.00 ,0.6 hours * $20/hour * 1 spray,,http://publications.dyson.cornell.edu/outreach/extensionpdf/2014/Cornell-Dyson-eb1401.pdf,,,,,,,
15,Mixed Fruits & Vegetables,Grapes (Conventional),,,,12,,,Preharvest,Labor,Variable,Spray 11 - Skilled Labor Costs,0.6,$12.00 ,0.6 hours * $20/hour * 1 spray,,http://publications.dyson.cornell.edu/outreach/extensionpdf/2014/Cornell-Dyson-eb1401.pdf,,,,,,,
15,Mixed Fruits & Vegetables,Grapes (Conventional),,,,13,,,Preharvest,Labor,Variable,Spray 11 - Skilled Labor Costs,0.6,$12.00 ,0.6 hours * $20/hour * 1 spray,,http://publications.dyson.cornell.edu/outreach/extensionpdf/2014/Cornell-Dyson-eb1401.pdf,,,,,,,
15,Mixed Fruits & Vegetables,Grapes (Conventional),,,,14,,,Preharvest,Labor,Variable,Spray 11 - Skilled Labor Costs,0.6,$12.00 ,0.6 hours * $20/hour * 1 spray,,http://publications.dyson.cornell.edu/outreach/extensionpdf/2014/Cornell-Dyson-eb1401.pdf,,,,,,,
15,Mixed Fruits & Vegetables,Grapes (Conventional),,,,15,,,Preharvest,Labor,Variable,Spray 11 - Skilled Labor Costs,0.6,$12.00 ,0.6 hours * $20/hour * 1 spray,,http://publications.dyson.cornell.edu/outreach/extensionpdf/2014/Cornell-Dyson-eb1401.pdf,,,,,,,
15,Mixed Fruits & Vegetables,Grapes (Conventional),,,,16,,,Preharvest,Labor,Variable,Spray 11 - Skilled Labor Costs,0.6,$12.00 ,0.6 hours * $20/hour * 1 spray,,http://publications.dyson.cornell.edu/outreach/extensionpdf/2014/Cornell-Dyson-eb1401.pdf,,,,,,,
15,Mixed Fruits & Vegetables,Grapes (Conventional),,,,17,,,Preharvest,Labor,Variable,Spray 11 - Skilled Labor Costs,0.6,$12.00 ,0.6 hours * $20/hour * 1 spray,,http://publications.dyson.cornell.edu/outreach/extensionpdf/2014/Cornell-Dyson-eb1401.pdf,,,,,,,
15,Mixed Fruits & Vegetables,Grapes (Conventional),,,,18,,,Preharvest,Labor,Variable,Spray 11 - Skilled Labor Costs,0.6,$12.00 ,0.6 hours * $20/hour * 1 spray,,http://publications.dyson.cornell.edu/outreach/extensionpdf/2014/Cornell-Dyson-eb1401.pdf,,,,,,,
15,Mixed Fruits & Vegetables,Grapes (Conventional),,,,19,,,Preharvest,Labor,Variable,Spray 11 - Skilled Labor Costs,0.6,$12.00 ,0.6 hours * $20/hour * 1 spray,,http://publications.dyson.cornell.edu/outreach/extensionpdf/2014/Cornell-Dyson-eb1401.pdf,,,,,,,
15,Mixed Fruits & Vegetables,Grapes (Conventional),,,,20,,,Preharvest,Labor,Variable,Spray 11 - Skilled Labor Costs,0.6,$12.00 ,0.6 hours * $20/hour * 1 spray,,http://publications.dyson.cornell.edu/outreach/extensionpdf/2014/Cornell-Dyson-eb1401.pdf,,,,,,,
15,Mixed Fruits & Vegetables,Grapes (Conventional),,,,21,,,Preharvest,Labor,Variable,Spray 11 - Skilled Labor Costs,0.6,$12.00 ,0.6 hours * $20/hour * 1 spray,,http://publications.dyson.cornell.edu/outreach/extensionpdf/2014/Cornell-Dyson-eb1401.pdf,,,,,,,
15,Mixed Fruits & Vegetables,Grapes (Conventional),,,,22,,,Preharvest,Labor,Variable,Spray 11 - Skilled Labor Costs,0.6,$12.00 ,0.6 hours * $20/hour * 1 spray,,http://publications.dyson.cornell.edu/outreach/extensionpdf/2014/Cornell-Dyson-eb1401.pdf,,,,,,,
15,Mixed Fruits & Vegetables,Grapes (Conventional),,,,4,,,Preharvest,Equipment,Variable,Spray 11 - Equipment Costs,,$13.97 ,$13.97 * 1 spray ,,http://publications.dyson.cornell.edu/outreach/extensionpdf/2014/Cornell-Dyson-eb1401.pdf,,,,,,,
15,Mixed Fruits & Vegetables,Grapes (Conventional),,,,5,,,Preharvest,Equipment,Variable,Spray 11 - Equipment Costs,,$13.97 ,$13.97 * 1 spray ,,http://publications.dyson.cornell.edu/outreach/extensionpdf/2014/Cornell-Dyson-eb1401.pdf,,,,,,,
15,Mixed Fruits & Vegetables,Grapes (Conventional),,,,6,,,Preharvest,Equipment,Variable,Spray 11 - Equipment Costs,,$13.97 ,$13.97 * 1 spray ,,http://publications.dyson.cornell.edu/outreach/extensionpdf/2014/Cornell-Dyson-eb1401.pdf,,,,,,,
15,Mixed Fruits & Vegetables,Grapes (Conventional),,,,7,,,Preharvest,Equipment,Variable,Spray 11 - Equipment Costs,,$13.97 ,$13.97 * 1 spray ,,http://publications.dyson.cornell.edu/outreach/extensionpdf/2014/Cornell-Dyson-eb1401.pdf,,,,,,,
15,Mixed Fruits & Vegetables,Grapes (Conventional),,,,8,,,Preharvest,Equipment,Variable,Spray 11 - Equipment Costs,,$13.97 ,$13.97 * 1 spray ,,http://publications.dyson.cornell.edu/outreach/extensionpdf/2014/Cornell-Dyson-eb1401.pdf,,,,,,,
15,Mixed Fruits & Vegetables,Grapes (Conventional),,,,9,,,Preharvest,Equipment,Variable,Spray 11 - Equipment Costs,,$13.97 ,$13.97 * 1 spray ,,http://publications.dyson.cornell.edu/outreach/extensionpdf/2014/Cornell-Dyson-eb1401.pdf,,,,,,,
15,Mixed Fruits & Vegetables,Grapes (Conventional),,,,10,,,Preharvest,Equipment,Variable,Spray 11 - Equipment Costs,,$13.97 ,$13.97 * 1 spray ,,http://publications.dyson.cornell.edu/outreach/extensionpdf/2014/Cornell-Dyson-eb1401.pdf,,,,,,,
15,Mixed Fruits & Vegetables,Grapes (Conventional),,,,11,,,Preharvest,Equipment,Variable,Spray 11 - Equipment Costs,,$13.97 ,$13.97 * 1 spray ,,http://publications.dyson.cornell.edu/outreach/extensionpdf/2014/Cornell-Dyson-eb1401.pdf,,,,,,,
15,Mixed Fruits & Vegetables,Grapes (Conventional),,,,12,,,Preharvest,Equipment,Variable,Spray 11 - Equipment Costs,,$13.97 ,$13.97 * 1 spray ,,http://publications.dyson.cornell.edu/outreach/extensionpdf/2014/Cornell-Dyson-eb1401.pdf,,,,,,,
15,Mixed Fruits & Vegetables,Grapes (Conventional),,,,13,,,Preharvest,Equipment,Variable,Spray 11 - Equipment Costs,,$13.97 ,$13.97 * 1 spray ,,http://publications.dyson.cornell.edu/outreach/extensionpdf/2014/Cornell-Dyson-eb1401.pdf,,,,,,,
15,Mixed Fruits & Vegetables,Grapes (Conventional),,,,14,,,Preharvest,Equipment,Variable,Spray 11 - Equipment Costs,,$13.97 ,$13.97 * 1 spray ,,http://publications.dyson.cornell.edu/outreach/extensionpdf/2014/Cornell-Dyson-eb1401.pdf,,,,,,,
15,Mixed Fruits & Vegetables,Grapes (Conventional),,,,15,,,Preharvest,Equipment,Variable,Spray 11 - Equipment Costs,,$13.97 ,$13.97 * 1 spray ,,http://publications.dyson.cornell.edu/outreach/extensionpdf/2014/Cornell-Dyson-eb1401.pdf,,,,,,,
15,Mixed Fruits & Vegetables,Grapes (Conventional),,,,16,,,Preharvest,Equipment,Variable,Spray 11 - Equipment Costs,,$13.97 ,$13.97 * 1 spray ,,http://publications.dyson.cornell.edu/outreach/extensionpdf/2014/Cornell-Dyson-eb1401.pdf,,,,,,,
15,Mixed Fruits & Vegetables,Grapes (Conventional),,,,17,,,Preharvest,Equipment,Variable,Spray 11 - Equipment Costs,,$13.97 ,$13.97 * 1 spray ,,http://publications.dyson.cornell.edu/outreach/extensionpdf/2014/Cornell-Dyson-eb1401.pdf,,,,,,,
15,Mixed Fruits & Vegetables,Grapes (Conventional),,,,18,,,Preharvest,Equipment,Variable,Spray 11 - Equipment Costs,,$13.97 ,$13.97 * 1 spray ,,http://publications.dyson.cornell.edu/outreach/extensionpdf/2014/Cornell-Dyson-eb1401.pdf,,,,,,,
15,Mixed Fruits & Vegetables,Grapes (Conventional),,,,19,,,Preharvest,Equipment,Variable,Spray 11 - Equipment Costs,,$13.97 ,$13.97 * 1 spray ,,http://publications.dyson.cornell.edu/outreach/extensionpdf/2014/Cornell-Dyson-eb1401.pdf,,,,,,,
15,Mixed Fruits & Vegetables,Grapes (Conventional),,,,20,,,Preharvest,Equipment,Variable,Spray 11 - Equipment Costs,,$13.97 ,$13.97 * 1 spray ,,http://publications.dyson.cornell.edu/outreach/extensionpdf/2014/Cornell-Dyson-eb1401.pdf,,,,,,,
15,Mixed Fruits & Vegetables,Grapes (Conventional),,,,21,,,Preharvest,Equipment,Variable,Spray 11 - Equipment Costs,,$13.97 ,$13.97 * 1 spray ,,http://publications.dyson.cornell.edu/outreach/extensionpdf/2014/Cornell-Dyson-eb1401.pdf,,,,,,,
15,Mixed Fruits & Vegetables,Grapes (Conventional),,,,22,,,Preharvest,Equipment,Variable,Spray 11 - Equipment Costs,,$13.97 ,$13.97 * 1 spray ,,http://publications.dyson.cornell.edu/outreach/extensionpdf/2014/Cornell-Dyson-eb1401.pdf,,,,,,,
15,Mixed Fruits & Vegetables,Grapes (Conventional),,,,4,,,Preharvest,Input,Variable,Spray 12 - Captan 80 WP,,$16.50 ,Captan 80WP 2.5 lbs/acre * $6.60/lb * 1 spray,,http://publications.dyson.cornell.edu/outreach/extensionpdf/2014/Cornell-Dyson-eb1401.pdf,,,,,,,
15,Mixed Fruits & Vegetables,Grapes (Conventional),,,,5,,,Preharvest,Input,Variable,Spray 12 - Captan 80 WP,,$16.50 ,Captan 80WP 2.5 lbs/acre * $6.60/lb * 1 spray,,http://publications.dyson.cornell.edu/outreach/extensionpdf/2014/Cornell-Dyson-eb1401.pdf,,,,,,,
15,Mixed Fruits & Vegetables,Grapes (Conventional),,,,6,,,Preharvest,Input,Variable,Spray 12 - Captan 80 WP,,$16.50 ,Captan 80WP 2.5 lbs/acre * $6.60/lb * 1 spray,,http://publications.dyson.cornell.edu/outreach/extensionpdf/2014/Cornell-Dyson-eb1401.pdf,,,,,,,
15,Mixed Fruits & Vegetables,Grapes (Conventional),,,,7,,,Preharvest,Input,Variable,Spray 12 - Captan 80 WP,,$16.50 ,Captan 80WP 2.5 lbs/acre * $6.60/lb * 1 spray,,http://publications.dyson.cornell.edu/outreach/extensionpdf/2014/Cornell-Dyson-eb1401.pdf,,,,,,,
15,Mixed Fruits & Vegetables,Grapes (Conventional),,,,8,,,Preharvest,Input,Variable,Spray 12 - Captan 80 WP,,$16.50 ,Captan 80WP 2.5 lbs/acre * $6.60/lb * 1 spray,,http://publications.dyson.cornell.edu/outreach/extensionpdf/2014/Cornell-Dyson-eb1401.pdf,,,,,,,
15,Mixed Fruits & Vegetables,Grapes (Conventional),,,,9,,,Preharvest,Input,Variable,Spray 12 - Captan 80 WP,,$16.50 ,Captan 80WP 2.5 lbs/acre * $6.60/lb * 1 spray,,http://publications.dyson.cornell.edu/outreach/extensionpdf/2014/Cornell-Dyson-eb1401.pdf,,,,,,,
15,Mixed Fruits & Vegetables,Grapes (Conventional),,,,10,,,Preharvest,Input,Variable,Spray 12 - Captan 80 WP,,$16.50 ,Captan 80WP 2.5 lbs/acre * $6.60/lb * 1 spray,,http://publications.dyson.cornell.edu/outreach/extensionpdf/2014/Cornell-Dyson-eb1401.pdf,,,,,,,
15,Mixed Fruits & Vegetables,Grapes (Conventional),,,,11,,,Preharvest,Input,Variable,Spray 12 - Captan 80 WP,,$16.50 ,Captan 80WP 2.5 lbs/acre * $6.60/lb * 1 spray,,http://publications.dyson.cornell.edu/outreach/extensionpdf/2014/Cornell-Dyson-eb1401.pdf,,,,,,,
15,Mixed Fruits & Vegetables,Grapes (Conventional),,,,12,,,Preharvest,Input,Variable,Spray 12 - Captan 80 WP,,$16.50 ,Captan 80WP 2.5 lbs/acre * $6.60/lb * 1 spray,,http://publications.dyson.cornell.edu/outreach/extensionpdf/2014/Cornell-Dyson-eb1401.pdf,,,,,,,
15,Mixed Fruits & Vegetables,Grapes (Conventional),,,,13,,,Preharvest,Input,Variable,Spray 12 - Captan 80 WP,,$16.50 ,Captan 80WP 2.5 lbs/acre * $6.60/lb * 1 spray,,http://publications.dyson.cornell.edu/outreach/extensionpdf/2014/Cornell-Dyson-eb1401.pdf,,,,,,,
15,Mixed Fruits & Vegetables,Grapes (Conventional),,,,14,,,Preharvest,Input,Variable,Spray 12 - Captan 80 WP,,$16.50 ,Captan 80WP 2.5 lbs/acre * $6.60/lb * 1 spray,,http://publications.dyson.cornell.edu/outreach/extensionpdf/2014/Cornell-Dyson-eb1401.pdf,,,,,,,
15,Mixed Fruits & Vegetables,Grapes (Conventional),,,,15,,,Preharvest,Input,Variable,Spray 12 - Captan 80 WP,,$16.50 ,Captan 80WP 2.5 lbs/acre * $6.60/lb * 1 spray,,http://publications.dyson.cornell.edu/outreach/extensionpdf/2014/Cornell-Dyson-eb1401.pdf,,,,,,,
15,Mixed Fruits & Vegetables,Grapes (Conventional),,,,16,,,Preharvest,Input,Variable,Spray 12 - Captan 80 WP,,$16.50 ,Captan 80WP 2.5 lbs/acre * $6.60/lb * 1 spray,,http://publications.dyson.cornell.edu/outreach/extensionpdf/2014/Cornell-Dyson-eb1401.pdf,,,,,,,
15,Mixed Fruits & Vegetables,Grapes (Conventional),,,,17,,,Preharvest,Input,Variable,Spray 12 - Captan 80 WP,,$16.50 ,Captan 80WP 2.5 lbs/acre * $6.60/lb * 1 spray,,http://publications.dyson.cornell.edu/outreach/extensionpdf/2014/Cornell-Dyson-eb1401.pdf,,,,,,,
15,Mixed Fruits & Vegetables,Grapes (Conventional),,,,18,,,Preharvest,Input,Variable,Spray 12 - Captan 80 WP,,$16.50 ,Captan 80WP 2.5 lbs/acre * $6.60/lb * 1 spray,,http://publications.dyson.cornell.edu/outreach/extensionpdf/2014/Cornell-Dyson-eb1401.pdf,,,,,,,
15,Mixed Fruits & Vegetables,Grapes (Conventional),,,,19,,,Preharvest,Input,Variable,Spray 12 - Captan 80 WP,,$16.50 ,Captan 80WP 2.5 lbs/acre * $6.60/lb * 1 spray,,http://publications.dyson.cornell.edu/outreach/extensionpdf/2014/Cornell-Dyson-eb1401.pdf,,,,,,,
15,Mixed Fruits & Vegetables,Grapes (Conventional),,,,20,,,Preharvest,Input,Variable,Spray 12 - Captan 80 WP,,$16.50 ,Captan 80WP 2.5 lbs/acre * $6.60/lb * 1 spray,,http://publications.dyson.cornell.edu/outreach/extensionpdf/2014/Cornell-Dyson-eb1401.pdf,,,,,,,
15,Mixed Fruits & Vegetables,Grapes (Conventional),,,,21,,,Preharvest,Input,Variable,Spray 12 - Captan 80 WP,,$16.50 ,Captan 80WP 2.5 lbs/acre * $6.60/lb * 1 spray,,http://publications.dyson.cornell.edu/outreach/extensionpdf/2014/Cornell-Dyson-eb1401.pdf,,,,,,,
15,Mixed Fruits & Vegetables,Grapes (Conventional),,,,22,,,Preharvest,Input,Variable,Spray 12 - Captan 80 WP,,$16.50 ,Captan 80WP 2.5 lbs/acre * $6.60/lb * 1 spray,,http://publications.dyson.cornell.edu/outreach/extensionpdf/2014/Cornell-Dyson-eb1401.pdf,,,,,,,
15,Mixed Fruits & Vegetables,Grapes (Conventional),,,,4,,,Preharvest,Input,Variable,Spray 12 - Sulfur,,$2.50 ,Sulfur 5 lbs/acre * $0.50/lb * 1 spray,,http://publications.dyson.cornell.edu/outreach/extensionpdf/2014/Cornell-Dyson-eb1401.pdf,,,,,,,
15,Mixed Fruits & Vegetables,Grapes (Conventional),,,,5,,,Preharvest,Input,Variable,Spray 12 - Sulfur,,$2.50 ,Sulfur 5 lbs/acre * $0.50/lb * 1 spray,,http://publications.dyson.cornell.edu/outreach/extensionpdf/2014/Cornell-Dyson-eb1401.pdf,,,,,,,
15,Mixed Fruits & Vegetables,Grapes (Conventional),,,,6,,,Preharvest,Input,Variable,Spray 12 - Sulfur,,$2.50 ,Sulfur 5 lbs/acre * $0.50/lb * 1 spray,,http://publications.dyson.cornell.edu/outreach/extensionpdf/2014/Cornell-Dyson-eb1401.pdf,,,,,,,
15,Mixed Fruits & Vegetables,Grapes (Conventional),,,,7,,,Preharvest,Input,Variable,Spray 12 - Sulfur,,$2.50 ,Sulfur 5 lbs/acre * $0.50/lb * 1 spray,,http://publications.dyson.cornell.edu/outreach/extensionpdf/2014/Cornell-Dyson-eb1401.pdf,,,,,,,
15,Mixed Fruits & Vegetables,Grapes (Conventional),,,,8,,,Preharvest,Input,Variable,Spray 12 - Sulfur,,$2.50 ,Sulfur 5 lbs/acre * $0.50/lb * 1 spray,,http://publications.dyson.cornell.edu/outreach/extensionpdf/2014/Cornell-Dyson-eb1401.pdf,,,,,,,
15,Mixed Fruits & Vegetables,Grapes (Conventional),,,,9,,,Preharvest,Input,Variable,Spray 12 - Sulfur,,$2.50 ,Sulfur 5 lbs/acre * $0.50/lb * 1 spray,,http://publications.dyson.cornell.edu/outreach/extensionpdf/2014/Cornell-Dyson-eb1401.pdf,,,,,,,
15,Mixed Fruits & Vegetables,Grapes (Conventional),,,,10,,,Preharvest,Input,Variable,Spray 12 - Sulfur,,$2.50 ,Sulfur 5 lbs/acre * $0.50/lb * 1 spray,,http://publications.dyson.cornell.edu/outreach/extensionpdf/2014/Cornell-Dyson-eb1401.pdf,,,,,,,
15,Mixed Fruits & Vegetables,Grapes (Conventional),,,,11,,,Preharvest,Input,Variable,Spray 12 - Sulfur,,$2.50 ,Sulfur 5 lbs/acre * $0.50/lb * 1 spray,,http://publications.dyson.cornell.edu/outreach/extensionpdf/2014/Cornell-Dyson-eb1401.pdf,,,,,,,
15,Mixed Fruits & Vegetables,Grapes (Conventional),,,,12,,,Preharvest,Input,Variable,Spray 12 - Sulfur,,$2.50 ,Sulfur 5 lbs/acre * $0.50/lb * 1 spray,,http://publications.dyson.cornell.edu/outreach/extensionpdf/2014/Cornell-Dyson-eb1401.pdf,,,,,,,
15,Mixed Fruits & Vegetables,Grapes (Conventional),,,,13,,,Preharvest,Input,Variable,Spray 12 - Sulfur,,$2.50 ,Sulfur 5 lbs/acre * $0.50/lb * 1 spray,,http://publications.dyson.cornell.edu/outreach/extensionpdf/2014/Cornell-Dyson-eb1401.pdf,,,,,,,
15,Mixed Fruits & Vegetables,Grapes (Conventional),,,,14,,,Preharvest,Input,Variable,Spray 12 - Sulfur,,$2.50 ,Sulfur 5 lbs/acre * $0.50/lb * 1 spray,,http://publications.dyson.cornell.edu/outreach/extensionpdf/2014/Cornell-Dyson-eb1401.pdf,,,,,,,
15,Mixed Fruits & Vegetables,Grapes (Conventional),,,,15,,,Preharvest,Input,Variable,Spray 12 - Sulfur,,$2.50 ,Sulfur 5 lbs/acre * $0.50/lb * 1 spray,,http://publications.dyson.cornell.edu/outreach/extensionpdf/2014/Cornell-Dyson-eb1401.pdf,,,,,,,
15,Mixed Fruits & Vegetables,Grapes (Conventional),,,,16,,,Preharvest,Input,Variable,Spray 12 - Sulfur,,$2.50 ,Sulfur 5 lbs/acre * $0.50/lb * 1 spray,,http://publications.dyson.cornell.edu/outreach/extensionpdf/2014/Cornell-Dyson-eb1401.pdf,,,,,,,
15,Mixed Fruits & Vegetables,Grapes (Conventional),,,,17,,,Preharvest,Input,Variable,Spray 12 - Sulfur,,$2.50 ,Sulfur 5 lbs/acre * $0.50/lb * 1 spray,,http://publications.dyson.cornell.edu/outreach/extensionpdf/2014/Cornell-Dyson-eb1401.pdf,,,,,,,
15,Mixed Fruits & Vegetables,Grapes (Conventional),,,,18,,,Preharvest,Input,Variable,Spray 12 - Sulfur,,$2.50 ,Sulfur 5 lbs/acre * $0.50/lb * 1 spray,,http://publications.dyson.cornell.edu/outreach/extensionpdf/2014/Cornell-Dyson-eb1401.pdf,,,,,,,
15,Mixed Fruits & Vegetables,Grapes (Conventional),,,,19,,,Preharvest,Input,Variable,Spray 12 - Sulfur,,$2.50 ,Sulfur 5 lbs/acre * $0.50/lb * 1 spray,,http://publications.dyson.cornell.edu/outreach/extensionpdf/2014/Cornell-Dyson-eb1401.pdf,,,,,,,
15,Mixed Fruits & Vegetables,Grapes (Conventional),,,,20,,,Preharvest,Input,Variable,Spray 12 - Sulfur,,$2.50 ,Sulfur 5 lbs/acre * $0.50/lb * 1 spray,,http://publications.dyson.cornell.edu/outreach/extensionpdf/2014/Cornell-Dyson-eb1401.pdf,,,,,,,
15,Mixed Fruits & Vegetables,Grapes (Conventional),,,,21,,,Preharvest,Input,Variable,Spray 12 - Sulfur,,$2.50 ,Sulfur 5 lbs/acre * $0.50/lb * 1 spray,,http://publications.dyson.cornell.edu/outreach/extensionpdf/2014/Cornell-Dyson-eb1401.pdf,,,,,,,
15,Mixed Fruits & Vegetables,Grapes (Conventional),,,,22,,,Preharvest,Input,Variable,Spray 12 - Sulfur,,$2.50 ,Sulfur 5 lbs/acre * $0.50/lb * 1 spray,,http://publications.dyson.cornell.edu/outreach/extensionpdf/2014/Cornell-Dyson-eb1401.pdf,,,,,,,
15,Mixed Fruits & Vegetables,Grapes (Conventional),,,,4,,,Preharvest,Input,Variable,Spray 12 - Elevate 50 WP,,$42.75 ,Elevate 50 WP 1 lbs/acre * $42.75/lb * 1 spray,,http://publications.dyson.cornell.edu/outreach/extensionpdf/2014/Cornell-Dyson-eb1401.pdf,,,,,,,
15,Mixed Fruits & Vegetables,Grapes (Conventional),,,,5,,,Preharvest,Input,Variable,Spray 12 - Elevate 50 WP,,$42.75 ,Elevate 50 WP 1 lbs/acre * $42.75/lb * 1 spray,,http://publications.dyson.cornell.edu/outreach/extensionpdf/2014/Cornell-Dyson-eb1401.pdf,,,,,,,
15,Mixed Fruits & Vegetables,Grapes (Conventional),,,,6,,,Preharvest,Input,Variable,Spray 12 - Elevate 50 WP,,$42.75 ,Elevate 50 WP 1 lbs/acre * $42.75/lb * 1 spray,,http://publications.dyson.cornell.edu/outreach/extensionpdf/2014/Cornell-Dyson-eb1401.pdf,,,,,,,
15,Mixed Fruits & Vegetables,Grapes (Conventional),,,,7,,,Preharvest,Input,Variable,Spray 12 - Elevate 50 WP,,$42.75 ,Elevate 50 WP 1 lbs/acre * $42.75/lb * 1 spray,,http://publications.dyson.cornell.edu/outreach/extensionpdf/2014/Cornell-Dyson-eb1401.pdf,,,,,,,
15,Mixed Fruits & Vegetables,Grapes (Conventional),,,,8,,,Preharvest,Input,Variable,Spray 12 - Elevate 50 WP,,$42.75 ,Elevate 50 WP 1 lbs/acre * $42.75/lb * 1 spray,,http://publications.dyson.cornell.edu/outreach/extensionpdf/2014/Cornell-Dyson-eb1401.pdf,,,,,,,
15,Mixed Fruits & Vegetables,Grapes (Conventional),,,,9,,,Preharvest,Input,Variable,Spray 12 - Elevate 50 WP,,$42.75 ,Elevate 50 WP 1 lbs/acre * $42.75/lb * 1 spray,,http://publications.dyson.cornell.edu/outreach/extensionpdf/2014/Cornell-Dyson-eb1401.pdf,,,,,,,
15,Mixed Fruits & Vegetables,Grapes (Conventional),,,,10,,,Preharvest,Input,Variable,Spray 12 - Elevate 50 WP,,$42.75 ,Elevate 50 WP 1 lbs/acre * $42.75/lb * 1 spray,,http://publications.dyson.cornell.edu/outreach/extensionpdf/2014/Cornell-Dyson-eb1401.pdf,,,,,,,
15,Mixed Fruits & Vegetables,Grapes (Conventional),,,,11,,,Preharvest,Input,Variable,Spray 12 - Elevate 50 WP,,$42.75 ,Elevate 50 WP 1 lbs/acre * $42.75/lb * 1 spray,,http://publications.dyson.cornell.edu/outreach/extensionpdf/2014/Cornell-Dyson-eb1401.pdf,,,,,,,
15,Mixed Fruits & Vegetables,Grapes (Conventional),,,,12,,,Preharvest,Input,Variable,Spray 12 - Elevate 50 WP,,$42.75 ,Elevate 50 WP 1 lbs/acre * $42.75/lb * 1 spray,,http://publications.dyson.cornell.edu/outreach/extensionpdf/2014/Cornell-Dyson-eb1401.pdf,,,,,,,
15,Mixed Fruits & Vegetables,Grapes (Conventional),,,,13,,,Preharvest,Input,Variable,Spray 12 - Elevate 50 WP,,$42.75 ,Elevate 50 WP 1 lbs/acre * $42.75/lb * 1 spray,,http://publications.dyson.cornell.edu/outreach/extensionpdf/2014/Cornell-Dyson-eb1401.pdf,,,,,,,
15,Mixed Fruits & Vegetables,Grapes (Conventional),,,,14,,,Preharvest,Input,Variable,Spray 12 - Elevate 50 WP,,$42.75 ,Elevate 50 WP 1 lbs/acre * $42.75/lb * 1 spray,,http://publications.dyson.cornell.edu/outreach/extensionpdf/2014/Cornell-Dyson-eb1401.pdf,,,,,,,
15,Mixed Fruits & Vegetables,Grapes (Conventional),,,,15,,,Preharvest,Input,Variable,Spray 12 - Elevate 50 WP,,$42.75 ,Elevate 50 WP 1 lbs/acre * $42.75/lb * 1 spray,,http://publications.dyson.cornell.edu/outreach/extensionpdf/2014/Cornell-Dyson-eb1401.pdf,,,,,,,
15,Mixed Fruits & Vegetables,Grapes (Conventional),,,,16,,,Preharvest,Input,Variable,Spray 12 - Elevate 50 WP,,$42.75 ,Elevate 50 WP 1 lbs/acre * $42.75/lb * 1 spray,,http://publications.dyson.cornell.edu/outreach/extensionpdf/2014/Cornell-Dyson-eb1401.pdf,,,,,,,
15,Mixed Fruits & Vegetables,Grapes (Conventional),,,,17,,,Preharvest,Input,Variable,Spray 12 - Elevate 50 WP,,$42.75 ,Elevate 50 WP 1 lbs/acre * $42.75/lb * 1 spray,,http://publications.dyson.cornell.edu/outreach/extensionpdf/2014/Cornell-Dyson-eb1401.pdf,,,,,,,
15,Mixed Fruits & Vegetables,Grapes (Conventional),,,,18,,,Preharvest,Input,Variable,Spray 12 - Elevate 50 WP,,$42.75 ,Elevate 50 WP 1 lbs/acre * $42.75/lb * 1 spray,,http://publications.dyson.cornell.edu/outreach/extensionpdf/2014/Cornell-Dyson-eb1401.pdf,,,,,,,
15,Mixed Fruits & Vegetables,Grapes (Conventional),,,,19,,,Preharvest,Input,Variable,Spray 12 - Elevate 50 WP,,$42.75 ,Elevate 50 WP 1 lbs/acre * $42.75/lb * 1 spray,,http://publications.dyson.cornell.edu/outreach/extensionpdf/2014/Cornell-Dyson-eb1401.pdf,,,,,,,
15,Mixed Fruits & Vegetables,Grapes (Conventional),,,,20,,,Preharvest,Input,Variable,Spray 12 - Elevate 50 WP,,$42.75 ,Elevate 50 WP 1 lbs/acre * $42.75/lb * 1 spray,,http://publications.dyson.cornell.edu/outreach/extensionpdf/2014/Cornell-Dyson-eb1401.pdf,,,,,,,
15,Mixed Fruits & Vegetables,Grapes (Conventional),,,,21,,,Preharvest,Input,Variable,Spray 12 - Elevate 50 WP,,$42.75 ,Elevate 50 WP 1 lbs/acre * $42.75/lb * 1 spray,,http://publications.dyson.cornell.edu/outreach/extensionpdf/2014/Cornell-Dyson-eb1401.pdf,,,,,,,
15,Mixed Fruits & Vegetables,Grapes (Conventional),,,,22,,,Preharvest,Input,Variable,Spray 12 - Elevate 50 WP,,$42.75 ,Elevate 50 WP 1 lbs/acre * $42.75/lb * 1 spray,,http://publications.dyson.cornell.edu/outreach/extensionpdf/2014/Cornell-Dyson-eb1401.pdf,,,,,,,
15,Mixed Fruits & Vegetables,Grapes (Conventional),,,,4,,,Preharvest,Input,Variable,Spray 12 - Spreader,,$0.63 ,Spreader 4 oz./acre * $20/gal * 1 spray,,http://publications.dyson.cornell.edu/outreach/extensionpdf/2014/Cornell-Dyson-eb1401.pdf,,,,,,,
15,Mixed Fruits & Vegetables,Grapes (Conventional),,,,5,,,Preharvest,Input,Variable,Spray 12 - Spreader,,$0.63 ,Spreader 4 oz./acre * $20/gal * 1 spray,,http://publications.dyson.cornell.edu/outreach/extensionpdf/2014/Cornell-Dyson-eb1401.pdf,,,,,,,
15,Mixed Fruits & Vegetables,Grapes (Conventional),,,,6,,,Preharvest,Input,Variable,Spray 12 - Spreader,,$0.63 ,Spreader 4 oz./acre * $20/gal * 1 spray,,http://publications.dyson.cornell.edu/outreach/extensionpdf/2014/Cornell-Dyson-eb1401.pdf,,,,,,,
15,Mixed Fruits & Vegetables,Grapes (Conventional),,,,7,,,Preharvest,Input,Variable,Spray 12 - Spreader,,$0.63 ,Spreader 4 oz./acre * $20/gal * 1 spray,,http://publications.dyson.cornell.edu/outreach/extensionpdf/2014/Cornell-Dyson-eb1401.pdf,,,,,,,
15,Mixed Fruits & Vegetables,Grapes (Conventional),,,,8,,,Preharvest,Input,Variable,Spray 12 - Spreader,,$0.63 ,Spreader 4 oz./acre * $20/gal * 1 spray,,http://publications.dyson.cornell.edu/outreach/extensionpdf/2014/Cornell-Dyson-eb1401.pdf,,,,,,,
15,Mixed Fruits & Vegetables,Grapes (Conventional),,,,9,,,Preharvest,Input,Variable,Spray 12 - Spreader,,$0.63 ,Spreader 4 oz./acre * $20/gal * 1 spray,,http://publications.dyson.cornell.edu/outreach/extensionpdf/2014/Cornell-Dyson-eb1401.pdf,,,,,,,
15,Mixed Fruits & Vegetables,Grapes (Conventional),,,,10,,,Preharvest,Input,Variable,Spray 12 - Spreader,,$0.63 ,Spreader 4 oz./acre * $20/gal * 1 spray,,http://publications.dyson.cornell.edu/outreach/extensionpdf/2014/Cornell-Dyson-eb1401.pdf,,,,,,,
15,Mixed Fruits & Vegetables,Grapes (Conventional),,,,11,,,Preharvest,Input,Variable,Spray 12 - Spreader,,$0.63 ,Spreader 4 oz./acre * $20/gal * 1 spray,,http://publications.dyson.cornell.edu/outreach/extensionpdf/2014/Cornell-Dyson-eb1401.pdf,,,,,,,
15,Mixed Fruits & Vegetables,Grapes (Conventional),,,,12,,,Preharvest,Input,Variable,Spray 12 - Spreader,,$0.63 ,Spreader 4 oz./acre * $20/gal * 1 spray,,http://publications.dyson.cornell.edu/outreach/extensionpdf/2014/Cornell-Dyson-eb1401.pdf,,,,,,,
15,Mixed Fruits & Vegetables,Grapes (Conventional),,,,13,,,Preharvest,Input,Variable,Spray 12 - Spreader,,$0.63 ,Spreader 4 oz./acre * $20/gal * 1 spray,,http://publications.dyson.cornell.edu/outreach/extensionpdf/2014/Cornell-Dyson-eb1401.pdf,,,,,,,
15,Mixed Fruits & Vegetables,Grapes (Conventional),,,,14,,,Preharvest,Input,Variable,Spray 12 - Spreader,,$0.63 ,Spreader 4 oz./acre * $20/gal * 1 spray,,http://publications.dyson.cornell.edu/outreach/extensionpdf/2014/Cornell-Dyson-eb1401.pdf,,,,,,,
15,Mixed Fruits & Vegetables,Grapes (Conventional),,,,15,,,Preharvest,Input,Variable,Spray 12 - Spreader,,$0.63 ,Spreader 4 oz./acre * $20/gal * 1 spray,,http://publications.dyson.cornell.edu/outreach/extensionpdf/2014/Cornell-Dyson-eb1401.pdf,,,,,,,
15,Mixed Fruits & Vegetables,Grapes (Conventional),,,,16,,,Preharvest,Input,Variable,Spray 12 - Spreader,,$0.63 ,Spreader 4 oz./acre * $20/gal * 1 spray,,http://publications.dyson.cornell.edu/outreach/extensionpdf/2014/Cornell-Dyson-eb1401.pdf,,,,,,,
15,Mixed Fruits & Vegetables,Grapes (Conventional),,,,17,,,Preharvest,Input,Variable,Spray 12 - Spreader,,$0.63 ,Spreader 4 oz./acre * $20/gal * 1 spray,,http://publications.dyson.cornell.edu/outreach/extensionpdf/2014/Cornell-Dyson-eb1401.pdf,,,,,,,
15,Mixed Fruits & Vegetables,Grapes (Conventional),,,,18,,,Preharvest,Input,Variable,Spray 12 - Spreader,,$0.63 ,Spreader 4 oz./acre * $20/gal * 1 spray,,http://publications.dyson.cornell.edu/outreach/extensionpdf/2014/Cornell-Dyson-eb1401.pdf,,,,,,,
15,Mixed Fruits & Vegetables,Grapes (Conventional),,,,19,,,Preharvest,Input,Variable,Spray 12 - Spreader,,$0.63 ,Spreader 4 oz./acre * $20/gal * 1 spray,,http://publications.dyson.cornell.edu/outreach/extensionpdf/2014/Cornell-Dyson-eb1401.pdf,,,,,,,
15,Mixed Fruits & Vegetables,Grapes (Conventional),,,,20,,,Preharvest,Input,Variable,Spray 12 - Spreader,,$0.63 ,Spreader 4 oz./acre * $20/gal * 1 spray,,http://publications.dyson.cornell.edu/outreach/extensionpdf/2014/Cornell-Dyson-eb1401.pdf,,,,,,,
15,Mixed Fruits & Vegetables,Grapes (Conventional),,,,21,,,Preharvest,Input,Variable,Spray 12 - Spreader,,$0.63 ,Spreader 4 oz./acre * $20/gal * 1 spray,,http://publications.dyson.cornell.edu/outreach/extensionpdf/2014/Cornell-Dyson-eb1401.pdf,,,,,,,
15,Mixed Fruits & Vegetables,Grapes (Conventional),,,,22,,,Preharvest,Input,Variable,Spray 12 - Spreader,,$0.63 ,Spreader 4 oz./acre * $20/gal * 1 spray,,http://publications.dyson.cornell.edu/outreach/extensionpdf/2014/Cornell-Dyson-eb1401.pdf,,,,,,,
15,Mixed Fruits & Vegetables,Grapes (Conventional),,,,4,,,Preharvest,Labor,Variable,Spray 12 - Skilled Labor Costs,0.6,$12.00 ,0.6 hours * $20/hour * 1 spray,,http://publications.dyson.cornell.edu/outreach/extensionpdf/2014/Cornell-Dyson-eb1401.pdf,,,,,,,
15,Mixed Fruits & Vegetables,Grapes (Conventional),,,,5,,,Preharvest,Labor,Variable,Spray 12 - Skilled Labor Costs,0.6,$12.00 ,0.6 hours * $20/hour * 1 spray,,http://publications.dyson.cornell.edu/outreach/extensionpdf/2014/Cornell-Dyson-eb1401.pdf,,,,,,,
15,Mixed Fruits & Vegetables,Grapes (Conventional),,,,6,,,Preharvest,Labor,Variable,Spray 12 - Skilled Labor Costs,0.6,$12.00 ,0.6 hours * $20/hour * 1 spray,,http://publications.dyson.cornell.edu/outreach/extensionpdf/2014/Cornell-Dyson-eb1401.pdf,,,,,,,
15,Mixed Fruits & Vegetables,Grapes (Conventional),,,,7,,,Preharvest,Labor,Variable,Spray 12 - Skilled Labor Costs,0.6,$12.00 ,0.6 hours * $20/hour * 1 spray,,http://publications.dyson.cornell.edu/outreach/extensionpdf/2014/Cornell-Dyson-eb1401.pdf,,,,,,,
15,Mixed Fruits & Vegetables,Grapes (Conventional),,,,8,,,Preharvest,Labor,Variable,Spray 12 - Skilled Labor Costs,0.6,$12.00 ,0.6 hours * $20/hour * 1 spray,,http://publications.dyson.cornell.edu/outreach/extensionpdf/2014/Cornell-Dyson-eb1401.pdf,,,,,,,
15,Mixed Fruits & Vegetables,Grapes (Conventional),,,,9,,,Preharvest,Labor,Variable,Spray 12 - Skilled Labor Costs,0.6,$12.00 ,0.6 hours * $20/hour * 1 spray,,http://publications.dyson.cornell.edu/outreach/extensionpdf/2014/Cornell-Dyson-eb1401.pdf,,,,,,,
15,Mixed Fruits & Vegetables,Grapes (Conventional),,,,10,,,Preharvest,Labor,Variable,Spray 12 - Skilled Labor Costs,0.6,$12.00 ,0.6 hours * $20/hour * 1 spray,,http://publications.dyson.cornell.edu/outreach/extensionpdf/2014/Cornell-Dyson-eb1401.pdf,,,,,,,
15,Mixed Fruits & Vegetables,Grapes (Conventional),,,,11,,,Preharvest,Labor,Variable,Spray 12 - Skilled Labor Costs,0.6,$12.00 ,0.6 hours * $20/hour * 1 spray,,http://publications.dyson.cornell.edu/outreach/extensionpdf/2014/Cornell-Dyson-eb1401.pdf,,,,,,,
15,Mixed Fruits & Vegetables,Grapes (Conventional),,,,12,,,Preharvest,Labor,Variable,Spray 12 - Skilled Labor Costs,0.6,$12.00 ,0.6 hours * $20/hour * 1 spray,,http://publications.dyson.cornell.edu/outreach/extensionpdf/2014/Cornell-Dyson-eb1401.pdf,,,,,,,
15,Mixed Fruits & Vegetables,Grapes (Conventional),,,,13,,,Preharvest,Labor,Variable,Spray 12 - Skilled Labor Costs,0.6,$12.00 ,0.6 hours * $20/hour * 1 spray,,http://publications.dyson.cornell.edu/outreach/extensionpdf/2014/Cornell-Dyson-eb1401.pdf,,,,,,,
15,Mixed Fruits & Vegetables,Grapes (Conventional),,,,14,,,Preharvest,Labor,Variable,Spray 12 - Skilled Labor Costs,0.6,$12.00 ,0.6 hours * $20/hour * 1 spray,,http://publications.dyson.cornell.edu/outreach/extensionpdf/2014/Cornell-Dyson-eb1401.pdf,,,,,,,
15,Mixed Fruits & Vegetables,Grapes (Conventional),,,,15,,,Preharvest,Labor,Variable,Spray 12 - Skilled Labor Costs,0.6,$12.00 ,0.6 hours * $20/hour * 1 spray,,http://publications.dyson.cornell.edu/outreach/extensionpdf/2014/Cornell-Dyson-eb1401.pdf,,,,,,,
15,Mixed Fruits & Vegetables,Grapes (Conventional),,,,16,,,Preharvest,Labor,Variable,Spray 12 - Skilled Labor Costs,0.6,$12.00 ,0.6 hours * $20/hour * 1 spray,,http://publications.dyson.cornell.edu/outreach/extensionpdf/2014/Cornell-Dyson-eb1401.pdf,,,,,,,
15,Mixed Fruits & Vegetables,Grapes (Conventional),,,,17,,,Preharvest,Labor,Variable,Spray 12 - Skilled Labor Costs,0.6,$12.00 ,0.6 hours * $20/hour * 1 spray,,http://publications.dyson.cornell.edu/outreach/extensionpdf/2014/Cornell-Dyson-eb1401.pdf,,,,,,,
15,Mixed Fruits & Vegetables,Grapes (Conventional),,,,18,,,Preharvest,Labor,Variable,Spray 12 - Skilled Labor Costs,0.6,$12.00 ,0.6 hours * $20/hour * 1 spray,,http://publications.dyson.cornell.edu/outreach/extensionpdf/2014/Cornell-Dyson-eb1401.pdf,,,,,,,
15,Mixed Fruits & Vegetables,Grapes (Conventional),,,,19,,,Preharvest,Labor,Variable,Spray 12 - Skilled Labor Costs,0.6,$12.00 ,0.6 hours * $20/hour * 1 spray,,http://publications.dyson.cornell.edu/outreach/extensionpdf/2014/Cornell-Dyson-eb1401.pdf,,,,,,,
15,Mixed Fruits & Vegetables,Grapes (Conventional),,,,20,,,Preharvest,Labor,Variable,Spray 12 - Skilled Labor Costs,0.6,$12.00 ,0.6 hours * $20/hour * 1 spray,,http://publications.dyson.cornell.edu/outreach/extensionpdf/2014/Cornell-Dyson-eb1401.pdf,,,,,,,
15,Mixed Fruits & Vegetables,Grapes (Conventional),,,,21,,,Preharvest,Labor,Variable,Spray 12 - Skilled Labor Costs,0.6,$12.00 ,0.6 hours * $20/hour * 1 spray,,http://publications.dyson.cornell.edu/outreach/extensionpdf/2014/Cornell-Dyson-eb1401.pdf,,,,,,,
15,Mixed Fruits & Vegetables,Grapes (Conventional),,,,22,,,Preharvest,Labor,Variable,Spray 12 - Skilled Labor Costs,0.6,$12.00 ,0.6 hours * $20/hour * 1 spray,,http://publications.dyson.cornell.edu/outreach/extensionpdf/2014/Cornell-Dyson-eb1401.pdf,,,,,,,
15,Mixed Fruits & Vegetables,Grapes (Conventional),,,,4,,,Preharvest,Equipment,Variable,Spray 12 - Equipment Costs,,$13.97 ,$13.97 * 1 spray ,,http://publications.dyson.cornell.edu/outreach/extensionpdf/2014/Cornell-Dyson-eb1401.pdf,,,,,,,
15,Mixed Fruits & Vegetables,Grapes (Conventional),,,,5,,,Preharvest,Equipment,Variable,Spray 12 - Equipment Costs,,$13.97 ,$13.97 * 1 spray ,,http://publications.dyson.cornell.edu/outreach/extensionpdf/2014/Cornell-Dyson-eb1401.pdf,,,,,,,
15,Mixed Fruits & Vegetables,Grapes (Conventional),,,,6,,,Preharvest,Equipment,Variable,Spray 12 - Equipment Costs,,$13.97 ,$13.97 * 1 spray ,,http://publications.dyson.cornell.edu/outreach/extensionpdf/2014/Cornell-Dyson-eb1401.pdf,,,,,,,
15,Mixed Fruits & Vegetables,Grapes (Conventional),,,,7,,,Preharvest,Equipment,Variable,Spray 12 - Equipment Costs,,$13.97 ,$13.97 * 1 spray ,,http://publications.dyson.cornell.edu/outreach/extensionpdf/2014/Cornell-Dyson-eb1401.pdf,,,,,,,
15,Mixed Fruits & Vegetables,Grapes (Conventional),,,,8,,,Preharvest,Equipment,Variable,Spray 12 - Equipment Costs,,$13.97 ,$13.97 * 1 spray ,,http://publications.dyson.cornell.edu/outreach/extensionpdf/2014/Cornell-Dyson-eb1401.pdf,,,,,,,
15,Mixed Fruits & Vegetables,Grapes (Conventional),,,,9,,,Preharvest,Equipment,Variable,Spray 12 - Equipment Costs,,$13.97 ,$13.97 * 1 spray ,,http://publications.dyson.cornell.edu/outreach/extensionpdf/2014/Cornell-Dyson-eb1401.pdf,,,,,,,
15,Mixed Fruits & Vegetables,Grapes (Conventional),,,,10,,,Preharvest,Equipment,Variable,Spray 12 - Equipment Costs,,$13.97 ,$13.97 * 1 spray ,,http://publications.dyson.cornell.edu/outreach/extensionpdf/2014/Cornell-Dyson-eb1401.pdf,,,,,,,
15,Mixed Fruits & Vegetables,Grapes (Conventional),,,,11,,,Preharvest,Equipment,Variable,Spray 12 - Equipment Costs,,$13.97 ,$13.97 * 1 spray ,,http://publications.dyson.cornell.edu/outreach/extensionpdf/2014/Cornell-Dyson-eb1401.pdf,,,,,,,
15,Mixed Fruits & Vegetables,Grapes (Conventional),,,,12,,,Preharvest,Equipment,Variable,Spray 12 - Equipment Costs,,$13.97 ,$13.97 * 1 spray ,,http://publications.dyson.cornell.edu/outreach/extensionpdf/2014/Cornell-Dyson-eb1401.pdf,,,,,,,
15,Mixed Fruits & Vegetables,Grapes (Conventional),,,,13,,,Preharvest,Equipment,Variable,Spray 12 - Equipment Costs,,$13.97 ,$13.97 * 1 spray ,,http://publications.dyson.cornell.edu/outreach/extensionpdf/2014/Cornell-Dyson-eb1401.pdf,,,,,,,
15,Mixed Fruits & Vegetables,Grapes (Conventional),,,,14,,,Preharvest,Equipment,Variable,Spray 12 - Equipment Costs,,$13.97 ,$13.97 * 1 spray ,,http://publications.dyson.cornell.edu/outreach/extensionpdf/2014/Cornell-Dyson-eb1401.pdf,,,,,,,
15,Mixed Fruits & Vegetables,Grapes (Conventional),,,,15,,,Preharvest,Equipment,Variable,Spray 12 - Equipment Costs,,$13.97 ,$13.97 * 1 spray ,,http://publications.dyson.cornell.edu/outreach/extensionpdf/2014/Cornell-Dyson-eb1401.pdf,,,,,,,
15,Mixed Fruits & Vegetables,Grapes (Conventional),,,,16,,,Preharvest,Equipment,Variable,Spray 12 - Equipment Costs,,$13.97 ,$13.97 * 1 spray ,,http://publications.dyson.cornell.edu/outreach/extensionpdf/2014/Cornell-Dyson-eb1401.pdf,,,,,,,
15,Mixed Fruits & Vegetables,Grapes (Conventional),,,,17,,,Preharvest,Equipment,Variable,Spray 12 - Equipment Costs,,$13.97 ,$13.97 * 1 spray ,,http://publications.dyson.cornell.edu/outreach/extensionpdf/2014/Cornell-Dyson-eb1401.pdf,,,,,,,
15,Mixed Fruits & Vegetables,Grapes (Conventional),,,,18,,,Preharvest,Equipment,Variable,Spray 12 - Equipment Costs,,$13.97 ,$13.97 * 1 spray ,,http://publications.dyson.cornell.edu/outreach/extensionpdf/2014/Cornell-Dyson-eb1401.pdf,,,,,,,
15,Mixed Fruits & Vegetables,Grapes (Conventional),,,,19,,,Preharvest,Equipment,Variable,Spray 12 - Equipment Costs,,$13.97 ,$13.97 * 1 spray ,,http://publications.dyson.cornell.edu/outreach/extensionpdf/2014/Cornell-Dyson-eb1401.pdf,,,,,,,
15,Mixed Fruits & Vegetables,Grapes (Conventional),,,,20,,,Preharvest,Equipment,Variable,Spray 12 - Equipment Costs,,$13.97 ,$13.97 * 1 spray ,,http://publications.dyson.cornell.edu/outreach/extensionpdf/2014/Cornell-Dyson-eb1401.pdf,,,,,,,
15,Mixed Fruits & Vegetables,Grapes (Conventional),,,,21,,,Preharvest,Equipment,Variable,Spray 12 - Equipment Costs,,$13.97 ,$13.97 * 1 spray ,,http://publications.dyson.cornell.edu/outreach/extensionpdf/2014/Cornell-Dyson-eb1401.pdf,,,,,,,
15,Mixed Fruits & Vegetables,Grapes (Conventional),,,,22,,,Preharvest,Equipment,Variable,Spray 12 - Equipment Costs,,$13.97 ,$13.97 * 1 spray ,,http://publications.dyson.cornell.edu/outreach/extensionpdf/2014/Cornell-Dyson-eb1401.pdf,,,,,,,
15,Mixed Fruits & Vegetables,Grapes (Conventional),,,,4,,,Preharvest,Labor,Variable,Mowing - Skilled Labor Costs,2.6,$52.00 ,$20.00hr * 0.65hr * 4 Mowings,,http://publications.dyson.cornell.edu/outreach/extensionpdf/2014/Cornell-Dyson-eb1401.pdf,,,,,,,
15,Mixed Fruits & Vegetables,Grapes (Conventional),,,,5,,,Preharvest,Labor,Variable,Mowing - Skilled Labor Costs,2.6,$52.00 ,$20.00hr * 0.65hr * 4 Mowings,,http://publications.dyson.cornell.edu/outreach/extensionpdf/2014/Cornell-Dyson-eb1401.pdf,,,,,,,
15,Mixed Fruits & Vegetables,Grapes (Conventional),,,,6,,,Preharvest,Labor,Variable,Mowing - Skilled Labor Costs,2.6,$52.00 ,$20.00hr * 0.65hr * 4 Mowings,,http://publications.dyson.cornell.edu/outreach/extensionpdf/2014/Cornell-Dyson-eb1401.pdf,,,,,,,
15,Mixed Fruits & Vegetables,Grapes (Conventional),,,,7,,,Preharvest,Labor,Variable,Mowing - Skilled Labor Costs,2.6,$52.00 ,$20.00hr * 0.65hr * 4 Mowings,,http://publications.dyson.cornell.edu/outreach/extensionpdf/2014/Cornell-Dyson-eb1401.pdf,,,,,,,
15,Mixed Fruits & Vegetables,Grapes (Conventional),,,,8,,,Preharvest,Labor,Variable,Mowing - Skilled Labor Costs,2.6,$52.00 ,$20.00hr * 0.65hr * 4 Mowings,,http://publications.dyson.cornell.edu/outreach/extensionpdf/2014/Cornell-Dyson-eb1401.pdf,,,,,,,
15,Mixed Fruits & Vegetables,Grapes (Conventional),,,,9,,,Preharvest,Labor,Variable,Mowing - Skilled Labor Costs,2.6,$52.00 ,$20.00hr * 0.65hr * 4 Mowings,,http://publications.dyson.cornell.edu/outreach/extensionpdf/2014/Cornell-Dyson-eb1401.pdf,,,,,,,
15,Mixed Fruits & Vegetables,Grapes (Conventional),,,,10,,,Preharvest,Labor,Variable,Mowing - Skilled Labor Costs,2.6,$52.00 ,$20.00hr * 0.65hr * 4 Mowings,,http://publications.dyson.cornell.edu/outreach/extensionpdf/2014/Cornell-Dyson-eb1401.pdf,,,,,,,
15,Mixed Fruits & Vegetables,Grapes (Conventional),,,,11,,,Preharvest,Labor,Variable,Mowing - Skilled Labor Costs,2.6,$52.00 ,$20.00hr * 0.65hr * 4 Mowings,,http://publications.dyson.cornell.edu/outreach/extensionpdf/2014/Cornell-Dyson-eb1401.pdf,,,,,,,
15,Mixed Fruits & Vegetables,Grapes (Conventional),,,,12,,,Preharvest,Labor,Variable,Mowing - Skilled Labor Costs,2.6,$52.00 ,$20.00hr * 0.65hr * 4 Mowings,,http://publications.dyson.cornell.edu/outreach/extensionpdf/2014/Cornell-Dyson-eb1401.pdf,,,,,,,
15,Mixed Fruits & Vegetables,Grapes (Conventional),,,,13,,,Preharvest,Labor,Variable,Mowing - Skilled Labor Costs,2.6,$52.00 ,$20.00hr * 0.65hr * 4 Mowings,,http://publications.dyson.cornell.edu/outreach/extensionpdf/2014/Cornell-Dyson-eb1401.pdf,,,,,,,
15,Mixed Fruits & Vegetables,Grapes (Conventional),,,,14,,,Preharvest,Labor,Variable,Mowing - Skilled Labor Costs,2.6,$52.00 ,$20.00hr * 0.65hr * 4 Mowings,,http://publications.dyson.cornell.edu/outreach/extensionpdf/2014/Cornell-Dyson-eb1401.pdf,,,,,,,
15,Mixed Fruits & Vegetables,Grapes (Conventional),,,,15,,,Preharvest,Labor,Variable,Mowing - Skilled Labor Costs,2.6,$52.00 ,$20.00hr * 0.65hr * 4 Mowings,,http://publications.dyson.cornell.edu/outreach/extensionpdf/2014/Cornell-Dyson-eb1401.pdf,,,,,,,
15,Mixed Fruits & Vegetables,Grapes (Conventional),,,,16,,,Preharvest,Labor,Variable,Mowing - Skilled Labor Costs,2.6,$52.00 ,$20.00hr * 0.65hr * 4 Mowings,,http://publications.dyson.cornell.edu/outreach/extensionpdf/2014/Cornell-Dyson-eb1401.pdf,,,,,,,
15,Mixed Fruits & Vegetables,Grapes (Conventional),,,,17,,,Preharvest,Labor,Variable,Mowing - Skilled Labor Costs,2.6,$52.00 ,$20.00hr * 0.65hr * 4 Mowings,,http://publications.dyson.cornell.edu/outreach/extensionpdf/2014/Cornell-Dyson-eb1401.pdf,,,,,,,
15,Mixed Fruits & Vegetables,Grapes (Conventional),,,,18,,,Preharvest,Labor,Variable,Mowing - Skilled Labor Costs,2.6,$52.00 ,$20.00hr * 0.65hr * 4 Mowings,,http://publications.dyson.cornell.edu/outreach/extensionpdf/2014/Cornell-Dyson-eb1401.pdf,,,,,,,
15,Mixed Fruits & Vegetables,Grapes (Conventional),,,,19,,,Preharvest,Labor,Variable,Mowing - Skilled Labor Costs,2.6,$52.00 ,$20.00hr * 0.65hr * 4 Mowings,,http://publications.dyson.cornell.edu/outreach/extensionpdf/2014/Cornell-Dyson-eb1401.pdf,,,,,,,
15,Mixed Fruits & Vegetables,Grapes (Conventional),,,,20,,,Preharvest,Labor,Variable,Mowing - Skilled Labor Costs,2.6,$52.00 ,$20.00hr * 0.65hr * 4 Mowings,,http://publications.dyson.cornell.edu/outreach/extensionpdf/2014/Cornell-Dyson-eb1401.pdf,,,,,,,
15,Mixed Fruits & Vegetables,Grapes (Conventional),,,,21,,,Preharvest,Labor,Variable,Mowing - Skilled Labor Costs,2.6,$52.00 ,$20.00hr * 0.65hr * 4 Mowings,,http://publications.dyson.cornell.edu/outreach/extensionpdf/2014/Cornell-Dyson-eb1401.pdf,,,,,,,
15,Mixed Fruits & Vegetables,Grapes (Conventional),,,,22,,,Preharvest,Labor,Variable,Mowing - Skilled Labor Costs,2.6,$52.00 ,$20.00hr * 0.65hr * 4 Mowings,,http://publications.dyson.cornell.edu/outreach/extensionpdf/2014/Cornell-Dyson-eb1401.pdf,,,,,,,
15,Mixed Fruits & Vegetables,Grapes (Conventional),,,,4,,,Preharvest,Equipment,Variable,Mowing - Equipment Costs,,$42.28 ,,,http://publications.dyson.cornell.edu/outreach/extensionpdf/2014/Cornell-Dyson-eb1401.pdf,,,,,,,
15,Mixed Fruits & Vegetables,Grapes (Conventional),,,,5,,,Preharvest,Equipment,Variable,Mowing - Equipment Costs,,$42.28 ,,,http://publications.dyson.cornell.edu/outreach/extensionpdf/2014/Cornell-Dyson-eb1401.pdf,,,,,,,
15,Mixed Fruits & Vegetables,Grapes (Conventional),,,,6,,,Preharvest,Equipment,Variable,Mowing - Equipment Costs,,$42.28 ,,,http://publications.dyson.cornell.edu/outreach/extensionpdf/2014/Cornell-Dyson-eb1401.pdf,,,,,,,
15,Mixed Fruits & Vegetables,Grapes (Conventional),,,,7,,,Preharvest,Equipment,Variable,Mowing - Equipment Costs,,$42.28 ,,,http://publications.dyson.cornell.edu/outreach/extensionpdf/2014/Cornell-Dyson-eb1401.pdf,,,,,,,
15,Mixed Fruits & Vegetables,Grapes (Conventional),,,,8,,,Preharvest,Equipment,Variable,Mowing - Equipment Costs,,$42.28 ,,,http://publications.dyson.cornell.edu/outreach/extensionpdf/2014/Cornell-Dyson-eb1401.pdf,,,,,,,
15,Mixed Fruits & Vegetables,Grapes (Conventional),,,,9,,,Preharvest,Equipment,Variable,Mowing - Equipment Costs,,$42.28 ,,,http://publications.dyson.cornell.edu/outreach/extensionpdf/2014/Cornell-Dyson-eb1401.pdf,,,,,,,
15,Mixed Fruits & Vegetables,Grapes (Conventional),,,,10,,,Preharvest,Equipment,Variable,Mowing - Equipment Costs,,$42.28 ,,,http://publications.dyson.cornell.edu/outreach/extensionpdf/2014/Cornell-Dyson-eb1401.pdf,,,,,,,
15,Mixed Fruits & Vegetables,Grapes (Conventional),,,,11,,,Preharvest,Equipment,Variable,Mowing - Equipment Costs,,$42.28 ,,,http://publications.dyson.cornell.edu/outreach/extensionpdf/2014/Cornell-Dyson-eb1401.pdf,,,,,,,
15,Mixed Fruits & Vegetables,Grapes (Conventional),,,,12,,,Preharvest,Equipment,Variable,Mowing - Equipment Costs,,$42.28 ,,,http://publications.dyson.cornell.edu/outreach/extensionpdf/2014/Cornell-Dyson-eb1401.pdf,,,,,,,
15,Mixed Fruits & Vegetables,Grapes (Conventional),,,,13,,,Preharvest,Equipment,Variable,Mowing - Equipment Costs,,$42.28 ,,,http://publications.dyson.cornell.edu/outreach/extensionpdf/2014/Cornell-Dyson-eb1401.pdf,,,,,,,
15,Mixed Fruits & Vegetables,Grapes (Conventional),,,,14,,,Preharvest,Equipment,Variable,Mowing - Equipment Costs,,$42.28 ,,,http://publications.dyson.cornell.edu/outreach/extensionpdf/2014/Cornell-Dyson-eb1401.pdf,,,,,,,
15,Mixed Fruits & Vegetables,Grapes (Conventional),,,,15,,,Preharvest,Equipment,Variable,Mowing - Equipment Costs,,$42.28 ,,,http://publications.dyson.cornell.edu/outreach/extensionpdf/2014/Cornell-Dyson-eb1401.pdf,,,,,,,
15,Mixed Fruits & Vegetables,Grapes (Conventional),,,,16,,,Preharvest,Equipment,Variable,Mowing - Equipment Costs,,$42.28 ,,,http://publications.dyson.cornell.edu/outreach/extensionpdf/2014/Cornell-Dyson-eb1401.pdf,,,,,,,
15,Mixed Fruits & Vegetables,Grapes (Conventional),,,,17,,,Preharvest,Equipment,Variable,Mowing - Equipment Costs,,$42.28 ,,,http://publications.dyson.cornell.edu/outreach/extensionpdf/2014/Cornell-Dyson-eb1401.pdf,,,,,,,
15,Mixed Fruits & Vegetables,Grapes (Conventional),,,,18,,,Preharvest,Equipment,Variable,Mowing - Equipment Costs,,$42.28 ,,,http://publications.dyson.cornell.edu/outreach/extensionpdf/2014/Cornell-Dyson-eb1401.pdf,,,,,,,
15,Mixed Fruits & Vegetables,Grapes (Conventional),,,,19,,,Preharvest,Equipment,Variable,Mowing - Equipment Costs,,$42.28 ,,,http://publications.dyson.cornell.edu/outreach/extensionpdf/2014/Cornell-Dyson-eb1401.pdf,,,,,,,
15,Mixed Fruits & Vegetables,Grapes (Conventional),,,,20,,,Preharvest,Equipment,Variable,Mowing - Equipment Costs,,$42.28 ,,,http://publications.dyson.cornell.edu/outreach/extensionpdf/2014/Cornell-Dyson-eb1401.pdf,,,,,,,
15,Mixed Fruits & Vegetables,Grapes (Conventional),,,,21,,,Preharvest,Equipment,Variable,Mowing - Equipment Costs,,$42.28 ,,,http://publications.dyson.cornell.edu/outreach/extensionpdf/2014/Cornell-Dyson-eb1401.pdf,,,,,,,
15,Mixed Fruits & Vegetables,Grapes (Conventional),,,,22,,,Preharvest,Equipment,Variable,Mowing - Equipment Costs,,$42.28 ,,,http://publications.dyson.cornell.edu/outreach/extensionpdf/2014/Cornell-Dyson-eb1401.pdf,,,,,,,
15,Mixed Fruits & Vegetables,Grapes (Conventional),,,,4,,,Preharvest,Labor,Variable,Lime - Skilled Labor Costs,0.1,$2.00 ,$20.00hr * 0.50hr /5 years       (Annualized for applications 1 in 5 years),,http://publications.dyson.cornell.edu/outreach/extensionpdf/2014/Cornell-Dyson-eb1401.pdf,,,,,,,
15,Mixed Fruits & Vegetables,Grapes (Conventional),,,,5,,,Preharvest,Labor,Variable,Lime - Skilled Labor Costs,0.1,$2.00 ,$20.00hr * 0.50hr /5 years       (Annualized for applications 1 in 5 years),,http://publications.dyson.cornell.edu/outreach/extensionpdf/2014/Cornell-Dyson-eb1401.pdf,,,,,,,
15,Mixed Fruits & Vegetables,Grapes (Conventional),,,,6,,,Preharvest,Labor,Variable,Lime - Skilled Labor Costs,0.1,$2.00 ,$20.00hr * 0.50hr /5 years       (Annualized for applications 1 in 5 years),,http://publications.dyson.cornell.edu/outreach/extensionpdf/2014/Cornell-Dyson-eb1401.pdf,,,,,,,
15,Mixed Fruits & Vegetables,Grapes (Conventional),,,,7,,,Preharvest,Labor,Variable,Lime - Skilled Labor Costs,0.1,$2.00 ,$20.00hr * 0.50hr /5 years       (Annualized for applications 1 in 5 years),,http://publications.dyson.cornell.edu/outreach/extensionpdf/2014/Cornell-Dyson-eb1401.pdf,,,,,,,
15,Mixed Fruits & Vegetables,Grapes (Conventional),,,,8,,,Preharvest,Labor,Variable,Lime - Skilled Labor Costs,0.1,$2.00 ,$20.00hr * 0.50hr /5 years       (Annualized for applications 1 in 5 years),,http://publications.dyson.cornell.edu/outreach/extensionpdf/2014/Cornell-Dyson-eb1401.pdf,,,,,,,
15,Mixed Fruits & Vegetables,Grapes (Conventional),,,,9,,,Preharvest,Labor,Variable,Lime - Skilled Labor Costs,0.1,$2.00 ,$20.00hr * 0.50hr /5 years       (Annualized for applications 1 in 5 years),,http://publications.dyson.cornell.edu/outreach/extensionpdf/2014/Cornell-Dyson-eb1401.pdf,,,,,,,
15,Mixed Fruits & Vegetables,Grapes (Conventional),,,,10,,,Preharvest,Labor,Variable,Lime - Skilled Labor Costs,0.1,$2.00 ,$20.00hr * 0.50hr /5 years       (Annualized for applications 1 in 5 years),,http://publications.dyson.cornell.edu/outreach/extensionpdf/2014/Cornell-Dyson-eb1401.pdf,,,,,,,
15,Mixed Fruits & Vegetables,Grapes (Conventional),,,,11,,,Preharvest,Labor,Variable,Lime - Skilled Labor Costs,0.1,$2.00 ,$20.00hr * 0.50hr /5 years       (Annualized for applications 1 in 5 years),,http://publications.dyson.cornell.edu/outreach/extensionpdf/2014/Cornell-Dyson-eb1401.pdf,,,,,,,
15,Mixed Fruits & Vegetables,Grapes (Conventional),,,,12,,,Preharvest,Labor,Variable,Lime - Skilled Labor Costs,0.1,$2.00 ,$20.00hr * 0.50hr /5 years       (Annualized for applications 1 in 5 years),,http://publications.dyson.cornell.edu/outreach/extensionpdf/2014/Cornell-Dyson-eb1401.pdf,,,,,,,
15,Mixed Fruits & Vegetables,Grapes (Conventional),,,,13,,,Preharvest,Labor,Variable,Lime - Skilled Labor Costs,0.1,$2.00 ,$20.00hr * 0.50hr /5 years       (Annualized for applications 1 in 5 years),,http://publications.dyson.cornell.edu/outreach/extensionpdf/2014/Cornell-Dyson-eb1401.pdf,,,,,,,
15,Mixed Fruits & Vegetables,Grapes (Conventional),,,,14,,,Preharvest,Labor,Variable,Lime - Skilled Labor Costs,0.1,$2.00 ,$20.00hr * 0.50hr /5 years       (Annualized for applications 1 in 5 years),,http://publications.dyson.cornell.edu/outreach/extensionpdf/2014/Cornell-Dyson-eb1401.pdf,,,,,,,
15,Mixed Fruits & Vegetables,Grapes (Conventional),,,,15,,,Preharvest,Labor,Variable,Lime - Skilled Labor Costs,0.1,$2.00 ,$20.00hr * 0.50hr /5 years       (Annualized for applications 1 in 5 years),,http://publications.dyson.cornell.edu/outreach/extensionpdf/2014/Cornell-Dyson-eb1401.pdf,,,,,,,
15,Mixed Fruits & Vegetables,Grapes (Conventional),,,,16,,,Preharvest,Labor,Variable,Lime - Skilled Labor Costs,0.1,$2.00 ,$20.00hr * 0.50hr /5 years       (Annualized for applications 1 in 5 years),,http://publications.dyson.cornell.edu/outreach/extensionpdf/2014/Cornell-Dyson-eb1401.pdf,,,,,,,
15,Mixed Fruits & Vegetables,Grapes (Conventional),,,,17,,,Preharvest,Labor,Variable,Lime - Skilled Labor Costs,0.1,$2.00 ,$20.00hr * 0.50hr /5 years       (Annualized for applications 1 in 5 years),,http://publications.dyson.cornell.edu/outreach/extensionpdf/2014/Cornell-Dyson-eb1401.pdf,,,,,,,
15,Mixed Fruits & Vegetables,Grapes (Conventional),,,,18,,,Preharvest,Labor,Variable,Lime - Skilled Labor Costs,0.1,$2.00 ,$20.00hr * 0.50hr /5 years       (Annualized for applications 1 in 5 years),,http://publications.dyson.cornell.edu/outreach/extensionpdf/2014/Cornell-Dyson-eb1401.pdf,,,,,,,
15,Mixed Fruits & Vegetables,Grapes (Conventional),,,,19,,,Preharvest,Labor,Variable,Lime - Skilled Labor Costs,0.1,$2.00 ,$20.00hr * 0.50hr /5 years       (Annualized for applications 1 in 5 years),,http://publications.dyson.cornell.edu/outreach/extensionpdf/2014/Cornell-Dyson-eb1401.pdf,,,,,,,
15,Mixed Fruits & Vegetables,Grapes (Conventional),,,,20,,,Preharvest,Labor,Variable,Lime - Skilled Labor Costs,0.1,$2.00 ,$20.00hr * 0.50hr /5 years       (Annualized for applications 1 in 5 years),,http://publications.dyson.cornell.edu/outreach/extensionpdf/2014/Cornell-Dyson-eb1401.pdf,,,,,,,
15,Mixed Fruits & Vegetables,Grapes (Conventional),,,,21,,,Preharvest,Labor,Variable,Lime - Skilled Labor Costs,0.1,$2.00 ,$20.00hr * 0.50hr /5 years       (Annualized for applications 1 in 5 years),,http://publications.dyson.cornell.edu/outreach/extensionpdf/2014/Cornell-Dyson-eb1401.pdf,,,,,,,
15,Mixed Fruits & Vegetables,Grapes (Conventional),,,,22,,,Preharvest,Labor,Variable,Lime - Skilled Labor Costs,0.1,$2.00 ,$20.00hr * 0.50hr /5 years       (Annualized for applications 1 in 5 years),,http://publications.dyson.cornell.edu/outreach/extensionpdf/2014/Cornell-Dyson-eb1401.pdf,,,,,,,
15,Mixed Fruits & Vegetables,Grapes (Conventional),,,,4,,,Preharvest,Equipment,Variable,Lime - Equipment Costs,,$4.88 ,$24.40 / 5years          (Annualized for applications 1 in 5 years),,http://publications.dyson.cornell.edu/outreach/extensionpdf/2014/Cornell-Dyson-eb1401.pdf,,,,,,,
15,Mixed Fruits & Vegetables,Grapes (Conventional),,,,5,,,Preharvest,Equipment,Variable,Lime - Equipment Costs,,$4.88 ,$24.40 / 5years          (Annualized for applications 1 in 5 years),,http://publications.dyson.cornell.edu/outreach/extensionpdf/2014/Cornell-Dyson-eb1401.pdf,,,,,,,
15,Mixed Fruits & Vegetables,Grapes (Conventional),,,,6,,,Preharvest,Equipment,Variable,Lime - Equipment Costs,,$4.88 ,$24.40 / 5years          (Annualized for applications 1 in 5 years),,http://publications.dyson.cornell.edu/outreach/extensionpdf/2014/Cornell-Dyson-eb1401.pdf,,,,,,,
15,Mixed Fruits & Vegetables,Grapes (Conventional),,,,7,,,Preharvest,Equipment,Variable,Lime - Equipment Costs,,$4.88 ,$24.40 / 5years          (Annualized for applications 1 in 5 years),,http://publications.dyson.cornell.edu/outreach/extensionpdf/2014/Cornell-Dyson-eb1401.pdf,,,,,,,
15,Mixed Fruits & Vegetables,Grapes (Conventional),,,,8,,,Preharvest,Equipment,Variable,Lime - Equipment Costs,,$4.88 ,$24.40 / 5years          (Annualized for applications 1 in 5 years),,http://publications.dyson.cornell.edu/outreach/extensionpdf/2014/Cornell-Dyson-eb1401.pdf,,,,,,,
15,Mixed Fruits & Vegetables,Grapes (Conventional),,,,9,,,Preharvest,Equipment,Variable,Lime - Equipment Costs,,$4.88 ,$24.40 / 5years          (Annualized for applications 1 in 5 years),,http://publications.dyson.cornell.edu/outreach/extensionpdf/2014/Cornell-Dyson-eb1401.pdf,,,,,,,
15,Mixed Fruits & Vegetables,Grapes (Conventional),,,,10,,,Preharvest,Equipment,Variable,Lime - Equipment Costs,,$4.88 ,$24.40 / 5years          (Annualized for applications 1 in 5 years),,http://publications.dyson.cornell.edu/outreach/extensionpdf/2014/Cornell-Dyson-eb1401.pdf,,,,,,,
15,Mixed Fruits & Vegetables,Grapes (Conventional),,,,11,,,Preharvest,Equipment,Variable,Lime - Equipment Costs,,$4.88 ,$24.40 / 5years          (Annualized for applications 1 in 5 years),,http://publications.dyson.cornell.edu/outreach/extensionpdf/2014/Cornell-Dyson-eb1401.pdf,,,,,,,
15,Mixed Fruits & Vegetables,Grapes (Conventional),,,,12,,,Preharvest,Equipment,Variable,Lime - Equipment Costs,,$4.88 ,$24.40 / 5years          (Annualized for applications 1 in 5 years),,http://publications.dyson.cornell.edu/outreach/extensionpdf/2014/Cornell-Dyson-eb1401.pdf,,,,,,,
15,Mixed Fruits & Vegetables,Grapes (Conventional),,,,13,,,Preharvest,Equipment,Variable,Lime - Equipment Costs,,$4.88 ,$24.40 / 5years          (Annualized for applications 1 in 5 years),,http://publications.dyson.cornell.edu/outreach/extensionpdf/2014/Cornell-Dyson-eb1401.pdf,,,,,,,
15,Mixed Fruits & Vegetables,Grapes (Conventional),,,,14,,,Preharvest,Equipment,Variable,Lime - Equipment Costs,,$4.88 ,$24.40 / 5years          (Annualized for applications 1 in 5 years),,http://publications.dyson.cornell.edu/outreach/extensionpdf/2014/Cornell-Dyson-eb1401.pdf,,,,,,,
15,Mixed Fruits & Vegetables,Grapes (Conventional),,,,15,,,Preharvest,Equipment,Variable,Lime - Equipment Costs,,$4.88 ,$24.40 / 5years          (Annualized for applications 1 in 5 years),,http://publications.dyson.cornell.edu/outreach/extensionpdf/2014/Cornell-Dyson-eb1401.pdf,,,,,,,
15,Mixed Fruits & Vegetables,Grapes (Conventional),,,,16,,,Preharvest,Equipment,Variable,Lime - Equipment Costs,,$4.88 ,$24.40 / 5years          (Annualized for applications 1 in 5 years),,http://publications.dyson.cornell.edu/outreach/extensionpdf/2014/Cornell-Dyson-eb1401.pdf,,,,,,,
15,Mixed Fruits & Vegetables,Grapes (Conventional),,,,17,,,Preharvest,Equipment,Variable,Lime - Equipment Costs,,$4.88 ,$24.40 / 5years          (Annualized for applications 1 in 5 years),,http://publications.dyson.cornell.edu/outreach/extensionpdf/2014/Cornell-Dyson-eb1401.pdf,,,,,,,
15,Mixed Fruits & Vegetables,Grapes (Conventional),,,,18,,,Preharvest,Equipment,Variable,Lime - Equipment Costs,,$4.88 ,$24.40 / 5years          (Annualized for applications 1 in 5 years),,http://publications.dyson.cornell.edu/outreach/extensionpdf/2014/Cornell-Dyson-eb1401.pdf,,,,,,,
15,Mixed Fruits & Vegetables,Grapes (Conventional),,,,19,,,Preharvest,Equipment,Variable,Lime - Equipment Costs,,$4.88 ,$24.40 / 5years          (Annualized for applications 1 in 5 years),,http://publications.dyson.cornell.edu/outreach/extensionpdf/2014/Cornell-Dyson-eb1401.pdf,,,,,,,
15,Mixed Fruits & Vegetables,Grapes (Conventional),,,,20,,,Preharvest,Equipment,Variable,Lime - Equipment Costs,,$4.88 ,$24.40 / 5years          (Annualized for applications 1 in 5 years),,http://publications.dyson.cornell.edu/outreach/extensionpdf/2014/Cornell-Dyson-eb1401.pdf,,,,,,,
15,Mixed Fruits & Vegetables,Grapes (Conventional),,,,21,,,Preharvest,Equipment,Variable,Lime - Equipment Costs,,$4.88 ,$24.40 / 5years          (Annualized for applications 1 in 5 years),,http://publications.dyson.cornell.edu/outreach/extensionpdf/2014/Cornell-Dyson-eb1401.pdf,,,,,,,
15,Mixed Fruits & Vegetables,Grapes (Conventional),,,,22,,,Preharvest,Equipment,Variable,Lime - Equipment Costs,,$4.88 ,$24.40 / 5years          (Annualized for applications 1 in 5 years),,http://publications.dyson.cornell.edu/outreach/extensionpdf/2014/Cornell-Dyson-eb1401.pdf,,,,,,,
15,Mixed Fruits & Vegetables,Grapes (Conventional),,,,4,,,Preharvest,Input,Variable,Lime - Material Costs,,$9.00 ,1ton * $45.00/ton /5 years      (Annualized for applications 1 in 5 years),,http://publications.dyson.cornell.edu/outreach/extensionpdf/2014/Cornell-Dyson-eb1401.pdf,,,,,,,
15,Mixed Fruits & Vegetables,Grapes (Conventional),,,,5,,,Preharvest,Input,Variable,Lime - Material Costs,,$9.00 ,1ton * $45.00/ton /5 years      (Annualized for applications 1 in 5 years),,http://publications.dyson.cornell.edu/outreach/extensionpdf/2014/Cornell-Dyson-eb1401.pdf,,,,,,,
15,Mixed Fruits & Vegetables,Grapes (Conventional),,,,6,,,Preharvest,Input,Variable,Lime - Material Costs,,$9.00 ,1ton * $45.00/ton /5 years      (Annualized for applications 1 in 5 years),,http://publications.dyson.cornell.edu/outreach/extensionpdf/2014/Cornell-Dyson-eb1401.pdf,,,,,,,
15,Mixed Fruits & Vegetables,Grapes (Conventional),,,,7,,,Preharvest,Input,Variable,Lime - Material Costs,,$9.00 ,1ton * $45.00/ton /5 years      (Annualized for applications 1 in 5 years),,http://publications.dyson.cornell.edu/outreach/extensionpdf/2014/Cornell-Dyson-eb1401.pdf,,,,,,,
15,Mixed Fruits & Vegetables,Grapes (Conventional),,,,8,,,Preharvest,Input,Variable,Lime - Material Costs,,$9.00 ,1ton * $45.00/ton /5 years      (Annualized for applications 1 in 5 years),,http://publications.dyson.cornell.edu/outreach/extensionpdf/2014/Cornell-Dyson-eb1401.pdf,,,,,,,
15,Mixed Fruits & Vegetables,Grapes (Conventional),,,,9,,,Preharvest,Input,Variable,Lime - Material Costs,,$9.00 ,1ton * $45.00/ton /5 years      (Annualized for applications 1 in 5 years),,http://publications.dyson.cornell.edu/outreach/extensionpdf/2014/Cornell-Dyson-eb1401.pdf,,,,,,,
15,Mixed Fruits & Vegetables,Grapes (Conventional),,,,10,,,Preharvest,Input,Variable,Lime - Material Costs,,$9.00 ,1ton * $45.00/ton /5 years      (Annualized for applications 1 in 5 years),,http://publications.dyson.cornell.edu/outreach/extensionpdf/2014/Cornell-Dyson-eb1401.pdf,,,,,,,
15,Mixed Fruits & Vegetables,Grapes (Conventional),,,,11,,,Preharvest,Input,Variable,Lime - Material Costs,,$9.00 ,1ton * $45.00/ton /5 years      (Annualized for applications 1 in 5 years),,http://publications.dyson.cornell.edu/outreach/extensionpdf/2014/Cornell-Dyson-eb1401.pdf,,,,,,,
15,Mixed Fruits & Vegetables,Grapes (Conventional),,,,12,,,Preharvest,Input,Variable,Lime - Material Costs,,$9.00 ,1ton * $45.00/ton /5 years      (Annualized for applications 1 in 5 years),,http://publications.dyson.cornell.edu/outreach/extensionpdf/2014/Cornell-Dyson-eb1401.pdf,,,,,,,
15,Mixed Fruits & Vegetables,Grapes (Conventional),,,,13,,,Preharvest,Input,Variable,Lime - Material Costs,,$9.00 ,1ton * $45.00/ton /5 years      (Annualized for applications 1 in 5 years),,http://publications.dyson.cornell.edu/outreach/extensionpdf/2014/Cornell-Dyson-eb1401.pdf,,,,,,,
15,Mixed Fruits & Vegetables,Grapes (Conventional),,,,14,,,Preharvest,Input,Variable,Lime - Material Costs,,$9.00 ,1ton * $45.00/ton /5 years      (Annualized for applications 1 in 5 years),,http://publications.dyson.cornell.edu/outreach/extensionpdf/2014/Cornell-Dyson-eb1401.pdf,,,,,,,
15,Mixed Fruits & Vegetables,Grapes (Conventional),,,,15,,,Preharvest,Input,Variable,Lime - Material Costs,,$9.00 ,1ton * $45.00/ton /5 years      (Annualized for applications 1 in 5 years),,http://publications.dyson.cornell.edu/outreach/extensionpdf/2014/Cornell-Dyson-eb1401.pdf,,,,,,,
15,Mixed Fruits & Vegetables,Grapes (Conventional),,,,16,,,Preharvest,Input,Variable,Lime - Material Costs,,$9.00 ,1ton * $45.00/ton /5 years      (Annualized for applications 1 in 5 years),,http://publications.dyson.cornell.edu/outreach/extensionpdf/2014/Cornell-Dyson-eb1401.pdf,,,,,,,
15,Mixed Fruits & Vegetables,Grapes (Conventional),,,,17,,,Preharvest,Input,Variable,Lime - Material Costs,,$9.00 ,1ton * $45.00/ton /5 years      (Annualized for applications 1 in 5 years),,http://publications.dyson.cornell.edu/outreach/extensionpdf/2014/Cornell-Dyson-eb1401.pdf,,,,,,,
15,Mixed Fruits & Vegetables,Grapes (Conventional),,,,18,,,Preharvest,Input,Variable,Lime - Material Costs,,$9.00 ,1ton * $45.00/ton /5 years      (Annualized for applications 1 in 5 years),,http://publications.dyson.cornell.edu/outreach/extensionpdf/2014/Cornell-Dyson-eb1401.pdf,,,,,,,
15,Mixed Fruits & Vegetables,Grapes (Conventional),,,,19,,,Preharvest,Input,Variable,Lime - Material Costs,,$9.00 ,1ton * $45.00/ton /5 years      (Annualized for applications 1 in 5 years),,http://publications.dyson.cornell.edu/outreach/extensionpdf/2014/Cornell-Dyson-eb1401.pdf,,,,,,,
15,Mixed Fruits & Vegetables,Grapes (Conventional),,,,20,,,Preharvest,Input,Variable,Lime - Material Costs,,$9.00 ,1ton * $45.00/ton /5 years      (Annualized for applications 1 in 5 years),,http://publications.dyson.cornell.edu/outreach/extensionpdf/2014/Cornell-Dyson-eb1401.pdf,,,,,,,
15,Mixed Fruits & Vegetables,Grapes (Conventional),,,,21,,,Preharvest,Input,Variable,Lime - Material Costs,,$9.00 ,1ton * $45.00/ton /5 years      (Annualized for applications 1 in 5 years),,http://publications.dyson.cornell.edu/outreach/extensionpdf/2014/Cornell-Dyson-eb1401.pdf,,,,,,,
15,Mixed Fruits & Vegetables,Grapes (Conventional),,,,22,,,Preharvest,Input,Variable,Lime - Material Costs,,$9.00 ,1ton * $45.00/ton /5 years      (Annualized for applications 1 in 5 years),,http://publications.dyson.cornell.edu/outreach/extensionpdf/2014/Cornell-Dyson-eb1401.pdf,,,,,,,
15,Mixed Fruits & Vegetables,Grapes (Conventional),,,,4,,,Preharvest,Equipment,Variable,Pickup truck - Equipment Costs,,$75.03 ,"10,000 miles for 50 acre/year",,http://publications.dyson.cornell.edu/outreach/extensionpdf/2014/Cornell-Dyson-eb1401.pdf,,,,,,,
15,Mixed Fruits & Vegetables,Grapes (Conventional),,,,5,,,Preharvest,Equipment,Variable,Pickup truck - Equipment Costs,,$75.03 ,"10,000 miles for 50 acre/year",,http://publications.dyson.cornell.edu/outreach/extensionpdf/2014/Cornell-Dyson-eb1401.pdf,,,,,,,
15,Mixed Fruits & Vegetables,Grapes (Conventional),,,,6,,,Preharvest,Equipment,Variable,Pickup truck - Equipment Costs,,$75.03 ,"10,000 miles for 50 acre/year",,http://publications.dyson.cornell.edu/outreach/extensionpdf/2014/Cornell-Dyson-eb1401.pdf,,,,,,,
15,Mixed Fruits & Vegetables,Grapes (Conventional),,,,7,,,Preharvest,Equipment,Variable,Pickup truck - Equipment Costs,,$75.03 ,"10,000 miles for 50 acre/year",,http://publications.dyson.cornell.edu/outreach/extensionpdf/2014/Cornell-Dyson-eb1401.pdf,,,,,,,
15,Mixed Fruits & Vegetables,Grapes (Conventional),,,,8,,,Preharvest,Equipment,Variable,Pickup truck - Equipment Costs,,$75.03 ,"10,000 miles for 50 acre/year",,http://publications.dyson.cornell.edu/outreach/extensionpdf/2014/Cornell-Dyson-eb1401.pdf,,,,,,,
15,Mixed Fruits & Vegetables,Grapes (Conventional),,,,9,,,Preharvest,Equipment,Variable,Pickup truck - Equipment Costs,,$75.03 ,"10,000 miles for 50 acre/year",,http://publications.dyson.cornell.edu/outreach/extensionpdf/2014/Cornell-Dyson-eb1401.pdf,,,,,,,
15,Mixed Fruits & Vegetables,Grapes (Conventional),,,,10,,,Preharvest,Equipment,Variable,Pickup truck - Equipment Costs,,$75.03 ,"10,000 miles for 50 acre/year",,http://publications.dyson.cornell.edu/outreach/extensionpdf/2014/Cornell-Dyson-eb1401.pdf,,,,,,,
15,Mixed Fruits & Vegetables,Grapes (Conventional),,,,11,,,Preharvest,Equipment,Variable,Pickup truck - Equipment Costs,,$75.03 ,"10,000 miles for 50 acre/year",,http://publications.dyson.cornell.edu/outreach/extensionpdf/2014/Cornell-Dyson-eb1401.pdf,,,,,,,
15,Mixed Fruits & Vegetables,Grapes (Conventional),,,,12,,,Preharvest,Equipment,Variable,Pickup truck - Equipment Costs,,$75.03 ,"10,000 miles for 50 acre/year",,http://publications.dyson.cornell.edu/outreach/extensionpdf/2014/Cornell-Dyson-eb1401.pdf,,,,,,,
15,Mixed Fruits & Vegetables,Grapes (Conventional),,,,13,,,Preharvest,Equipment,Variable,Pickup truck - Equipment Costs,,$75.03 ,"10,000 miles for 50 acre/year",,http://publications.dyson.cornell.edu/outreach/extensionpdf/2014/Cornell-Dyson-eb1401.pdf,,,,,,,
15,Mixed Fruits & Vegetables,Grapes (Conventional),,,,14,,,Preharvest,Equipment,Variable,Pickup truck - Equipment Costs,,$75.03 ,"10,000 miles for 50 acre/year",,http://publications.dyson.cornell.edu/outreach/extensionpdf/2014/Cornell-Dyson-eb1401.pdf,,,,,,,
15,Mixed Fruits & Vegetables,Grapes (Conventional),,,,15,,,Preharvest,Equipment,Variable,Pickup truck - Equipment Costs,,$75.03 ,"10,000 miles for 50 acre/year",,http://publications.dyson.cornell.edu/outreach/extensionpdf/2014/Cornell-Dyson-eb1401.pdf,,,,,,,
15,Mixed Fruits & Vegetables,Grapes (Conventional),,,,16,,,Preharvest,Equipment,Variable,Pickup truck - Equipment Costs,,$75.03 ,"10,000 miles for 50 acre/year",,http://publications.dyson.cornell.edu/outreach/extensionpdf/2014/Cornell-Dyson-eb1401.pdf,,,,,,,
15,Mixed Fruits & Vegetables,Grapes (Conventional),,,,17,,,Preharvest,Equipment,Variable,Pickup truck - Equipment Costs,,$75.03 ,"10,000 miles for 50 acre/year",,http://publications.dyson.cornell.edu/outreach/extensionpdf/2014/Cornell-Dyson-eb1401.pdf,,,,,,,
15,Mixed Fruits & Vegetables,Grapes (Conventional),,,,18,,,Preharvest,Equipment,Variable,Pickup truck - Equipment Costs,,$75.03 ,"10,000 miles for 50 acre/year",,http://publications.dyson.cornell.edu/outreach/extensionpdf/2014/Cornell-Dyson-eb1401.pdf,,,,,,,
15,Mixed Fruits & Vegetables,Grapes (Conventional),,,,19,,,Preharvest,Equipment,Variable,Pickup truck - Equipment Costs,,$75.03 ,"10,000 miles for 50 acre/year",,http://publications.dyson.cornell.edu/outreach/extensionpdf/2014/Cornell-Dyson-eb1401.pdf,,,,,,,
15,Mixed Fruits & Vegetables,Grapes (Conventional),,,,20,,,Preharvest,Equipment,Variable,Pickup truck - Equipment Costs,,$75.03 ,"10,000 miles for 50 acre/year",,http://publications.dyson.cornell.edu/outreach/extensionpdf/2014/Cornell-Dyson-eb1401.pdf,,,,,,,
15,Mixed Fruits & Vegetables,Grapes (Conventional),,,,21,,,Preharvest,Equipment,Variable,Pickup truck - Equipment Costs,,$75.03 ,"10,000 miles for 50 acre/year",,http://publications.dyson.cornell.edu/outreach/extensionpdf/2014/Cornell-Dyson-eb1401.pdf,,,,,,,
15,Mixed Fruits & Vegetables,Grapes (Conventional),,,,22,,,Preharvest,Equipment,Variable,Pickup truck - Equipment Costs,,$75.03 ,"10,000 miles for 50 acre/year",,http://publications.dyson.cornell.edu/outreach/extensionpdf/2014/Cornell-Dyson-eb1401.pdf,,,,,,,
15,Mixed Fruits & Vegetables,Grapes (Conventional),,,,4,,,Preharvest,Labor,Variable,Shoot positioning/move catch wires (first path) - Unskilled Labor Costs,6,$81.00 ,$13.50hr * 6.00hr,,http://publications.dyson.cornell.edu/outreach/extensionpdf/2014/Cornell-Dyson-eb1401.pdf,,,,,,,
15,Mixed Fruits & Vegetables,Grapes (Conventional),,,,5,,,Preharvest,Labor,Variable,Shoot positioning/move catch wires (first path) - Unskilled Labor Costs,6,$81.00 ,$13.50hr * 6.00hr,,http://publications.dyson.cornell.edu/outreach/extensionpdf/2014/Cornell-Dyson-eb1401.pdf,,,,,,,
15,Mixed Fruits & Vegetables,Grapes (Conventional),,,,6,,,Preharvest,Labor,Variable,Shoot positioning/move catch wires (first path) - Unskilled Labor Costs,6,$81.00 ,$13.50hr * 6.00hr,,http://publications.dyson.cornell.edu/outreach/extensionpdf/2014/Cornell-Dyson-eb1401.pdf,,,,,,,
15,Mixed Fruits & Vegetables,Grapes (Conventional),,,,7,,,Preharvest,Labor,Variable,Shoot positioning/move catch wires (first path) - Unskilled Labor Costs,6,$81.00 ,$13.50hr * 6.00hr,,http://publications.dyson.cornell.edu/outreach/extensionpdf/2014/Cornell-Dyson-eb1401.pdf,,,,,,,
15,Mixed Fruits & Vegetables,Grapes (Conventional),,,,8,,,Preharvest,Labor,Variable,Shoot positioning/move catch wires (first path) - Unskilled Labor Costs,6,$81.00 ,$13.50hr * 6.00hr,,http://publications.dyson.cornell.edu/outreach/extensionpdf/2014/Cornell-Dyson-eb1401.pdf,,,,,,,
15,Mixed Fruits & Vegetables,Grapes (Conventional),,,,9,,,Preharvest,Labor,Variable,Shoot positioning/move catch wires (first path) - Unskilled Labor Costs,6,$81.00 ,$13.50hr * 6.00hr,,http://publications.dyson.cornell.edu/outreach/extensionpdf/2014/Cornell-Dyson-eb1401.pdf,,,,,,,
15,Mixed Fruits & Vegetables,Grapes (Conventional),,,,10,,,Preharvest,Labor,Variable,Shoot positioning/move catch wires (first path) - Unskilled Labor Costs,6,$81.00 ,$13.50hr * 6.00hr,,http://publications.dyson.cornell.edu/outreach/extensionpdf/2014/Cornell-Dyson-eb1401.pdf,,,,,,,
15,Mixed Fruits & Vegetables,Grapes (Conventional),,,,11,,,Preharvest,Labor,Variable,Shoot positioning/move catch wires (first path) - Unskilled Labor Costs,6,$81.00 ,$13.50hr * 6.00hr,,http://publications.dyson.cornell.edu/outreach/extensionpdf/2014/Cornell-Dyson-eb1401.pdf,,,,,,,
15,Mixed Fruits & Vegetables,Grapes (Conventional),,,,12,,,Preharvest,Labor,Variable,Shoot positioning/move catch wires (first path) - Unskilled Labor Costs,6,$81.00 ,$13.50hr * 6.00hr,,http://publications.dyson.cornell.edu/outreach/extensionpdf/2014/Cornell-Dyson-eb1401.pdf,,,,,,,
15,Mixed Fruits & Vegetables,Grapes (Conventional),,,,13,,,Preharvest,Labor,Variable,Shoot positioning/move catch wires (first path) - Unskilled Labor Costs,6,$81.00 ,$13.50hr * 6.00hr,,http://publications.dyson.cornell.edu/outreach/extensionpdf/2014/Cornell-Dyson-eb1401.pdf,,,,,,,
15,Mixed Fruits & Vegetables,Grapes (Conventional),,,,14,,,Preharvest,Labor,Variable,Shoot positioning/move catch wires (first path) - Unskilled Labor Costs,6,$81.00 ,$13.50hr * 6.00hr,,http://publications.dyson.cornell.edu/outreach/extensionpdf/2014/Cornell-Dyson-eb1401.pdf,,,,,,,
15,Mixed Fruits & Vegetables,Grapes (Conventional),,,,15,,,Preharvest,Labor,Variable,Shoot positioning/move catch wires (first path) - Unskilled Labor Costs,6,$81.00 ,$13.50hr * 6.00hr,,http://publications.dyson.cornell.edu/outreach/extensionpdf/2014/Cornell-Dyson-eb1401.pdf,,,,,,,
15,Mixed Fruits & Vegetables,Grapes (Conventional),,,,16,,,Preharvest,Labor,Variable,Shoot positioning/move catch wires (first path) - Unskilled Labor Costs,6,$81.00 ,$13.50hr * 6.00hr,,http://publications.dyson.cornell.edu/outreach/extensionpdf/2014/Cornell-Dyson-eb1401.pdf,,,,,,,
15,Mixed Fruits & Vegetables,Grapes (Conventional),,,,17,,,Preharvest,Labor,Variable,Shoot positioning/move catch wires (first path) - Unskilled Labor Costs,6,$81.00 ,$13.50hr * 6.00hr,,http://publications.dyson.cornell.edu/outreach/extensionpdf/2014/Cornell-Dyson-eb1401.pdf,,,,,,,
15,Mixed Fruits & Vegetables,Grapes (Conventional),,,,18,,,Preharvest,Labor,Variable,Shoot positioning/move catch wires (first path) - Unskilled Labor Costs,6,$81.00 ,$13.50hr * 6.00hr,,http://publications.dyson.cornell.edu/outreach/extensionpdf/2014/Cornell-Dyson-eb1401.pdf,,,,,,,
15,Mixed Fruits & Vegetables,Grapes (Conventional),,,,19,,,Preharvest,Labor,Variable,Shoot positioning/move catch wires (first path) - Unskilled Labor Costs,6,$81.00 ,$13.50hr * 6.00hr,,http://publications.dyson.cornell.edu/outreach/extensionpdf/2014/Cornell-Dyson-eb1401.pdf,,,,,,,
15,Mixed Fruits & Vegetables,Grapes (Conventional),,,,20,,,Preharvest,Labor,Variable,Shoot positioning/move catch wires (first path) - Unskilled Labor Costs,6,$81.00 ,$13.50hr * 6.00hr,,http://publications.dyson.cornell.edu/outreach/extensionpdf/2014/Cornell-Dyson-eb1401.pdf,,,,,,,
15,Mixed Fruits & Vegetables,Grapes (Conventional),,,,21,,,Preharvest,Labor,Variable,Shoot positioning/move catch wires (first path) - Unskilled Labor Costs,6,$81.00 ,$13.50hr * 6.00hr,,http://publications.dyson.cornell.edu/outreach/extensionpdf/2014/Cornell-Dyson-eb1401.pdf,,,,,,,
15,Mixed Fruits & Vegetables,Grapes (Conventional),,,,22,,,Preharvest,Labor,Variable,Shoot positioning/move catch wires (first path) - Unskilled Labor Costs,6,$81.00 ,$13.50hr * 6.00hr,,http://publications.dyson.cornell.edu/outreach/extensionpdf/2014/Cornell-Dyson-eb1401.pdf,,,,,,,
15,Mixed Fruits & Vegetables,Grapes (Conventional),,,,4,,,Preharvest,Labor,Variable,Shoot positioning/move catch wires (second path) - Unskilled Labor Costs,6,$81.00 ,$13.50hr * 6.00hr,,http://publications.dyson.cornell.edu/outreach/extensionpdf/2014/Cornell-Dyson-eb1401.pdf,,,,,,,
15,Mixed Fruits & Vegetables,Grapes (Conventional),,,,5,,,Preharvest,Labor,Variable,Shoot positioning/move catch wires (second path) - Unskilled Labor Costs,6,$81.00 ,$13.50hr * 6.00hr,,http://publications.dyson.cornell.edu/outreach/extensionpdf/2014/Cornell-Dyson-eb1401.pdf,,,,,,,
15,Mixed Fruits & Vegetables,Grapes (Conventional),,,,6,,,Preharvest,Labor,Variable,Shoot positioning/move catch wires (second path) - Unskilled Labor Costs,6,$81.00 ,$13.50hr * 6.00hr,,http://publications.dyson.cornell.edu/outreach/extensionpdf/2014/Cornell-Dyson-eb1401.pdf,,,,,,,
15,Mixed Fruits & Vegetables,Grapes (Conventional),,,,7,,,Preharvest,Labor,Variable,Shoot positioning/move catch wires (second path) - Unskilled Labor Costs,6,$81.00 ,$13.50hr * 6.00hr,,http://publications.dyson.cornell.edu/outreach/extensionpdf/2014/Cornell-Dyson-eb1401.pdf,,,,,,,
15,Mixed Fruits & Vegetables,Grapes (Conventional),,,,8,,,Preharvest,Labor,Variable,Shoot positioning/move catch wires (second path) - Unskilled Labor Costs,6,$81.00 ,$13.50hr * 6.00hr,,http://publications.dyson.cornell.edu/outreach/extensionpdf/2014/Cornell-Dyson-eb1401.pdf,,,,,,,
15,Mixed Fruits & Vegetables,Grapes (Conventional),,,,9,,,Preharvest,Labor,Variable,Shoot positioning/move catch wires (second path) - Unskilled Labor Costs,6,$81.00 ,$13.50hr * 6.00hr,,http://publications.dyson.cornell.edu/outreach/extensionpdf/2014/Cornell-Dyson-eb1401.pdf,,,,,,,
15,Mixed Fruits & Vegetables,Grapes (Conventional),,,,10,,,Preharvest,Labor,Variable,Shoot positioning/move catch wires (second path) - Unskilled Labor Costs,6,$81.00 ,$13.50hr * 6.00hr,,http://publications.dyson.cornell.edu/outreach/extensionpdf/2014/Cornell-Dyson-eb1401.pdf,,,,,,,
15,Mixed Fruits & Vegetables,Grapes (Conventional),,,,11,,,Preharvest,Labor,Variable,Shoot positioning/move catch wires (second path) - Unskilled Labor Costs,6,$81.00 ,$13.50hr * 6.00hr,,http://publications.dyson.cornell.edu/outreach/extensionpdf/2014/Cornell-Dyson-eb1401.pdf,,,,,,,
15,Mixed Fruits & Vegetables,Grapes (Conventional),,,,12,,,Preharvest,Labor,Variable,Shoot positioning/move catch wires (second path) - Unskilled Labor Costs,6,$81.00 ,$13.50hr * 6.00hr,,http://publications.dyson.cornell.edu/outreach/extensionpdf/2014/Cornell-Dyson-eb1401.pdf,,,,,,,
15,Mixed Fruits & Vegetables,Grapes (Conventional),,,,13,,,Preharvest,Labor,Variable,Shoot positioning/move catch wires (second path) - Unskilled Labor Costs,6,$81.00 ,$13.50hr * 6.00hr,,http://publications.dyson.cornell.edu/outreach/extensionpdf/2014/Cornell-Dyson-eb1401.pdf,,,,,,,
15,Mixed Fruits & Vegetables,Grapes (Conventional),,,,14,,,Preharvest,Labor,Variable,Shoot positioning/move catch wires (second path) - Unskilled Labor Costs,6,$81.00 ,$13.50hr * 6.00hr,,http://publications.dyson.cornell.edu/outreach/extensionpdf/2014/Cornell-Dyson-eb1401.pdf,,,,,,,
15,Mixed Fruits & Vegetables,Grapes (Conventional),,,,15,,,Preharvest,Labor,Variable,Shoot positioning/move catch wires (second path) - Unskilled Labor Costs,6,$81.00 ,$13.50hr * 6.00hr,,http://publications.dyson.cornell.edu/outreach/extensionpdf/2014/Cornell-Dyson-eb1401.pdf,,,,,,,
15,Mixed Fruits & Vegetables,Grapes (Conventional),,,,16,,,Preharvest,Labor,Variable,Shoot positioning/move catch wires (second path) - Unskilled Labor Costs,6,$81.00 ,$13.50hr * 6.00hr,,http://publications.dyson.cornell.edu/outreach/extensionpdf/2014/Cornell-Dyson-eb1401.pdf,,,,,,,
15,Mixed Fruits & Vegetables,Grapes (Conventional),,,,17,,,Preharvest,Labor,Variable,Shoot positioning/move catch wires (second path) - Unskilled Labor Costs,6,$81.00 ,$13.50hr * 6.00hr,,http://publications.dyson.cornell.edu/outreach/extensionpdf/2014/Cornell-Dyson-eb1401.pdf,,,,,,,
15,Mixed Fruits & Vegetables,Grapes (Conventional),,,,18,,,Preharvest,Labor,Variable,Shoot positioning/move catch wires (second path) - Unskilled Labor Costs,6,$81.00 ,$13.50hr * 6.00hr,,http://publications.dyson.cornell.edu/outreach/extensionpdf/2014/Cornell-Dyson-eb1401.pdf,,,,,,,
15,Mixed Fruits & Vegetables,Grapes (Conventional),,,,19,,,Preharvest,Labor,Variable,Shoot positioning/move catch wires (second path) - Unskilled Labor Costs,6,$81.00 ,$13.50hr * 6.00hr,,http://publications.dyson.cornell.edu/outreach/extensionpdf/2014/Cornell-Dyson-eb1401.pdf,,,,,,,
15,Mixed Fruits & Vegetables,Grapes (Conventional),,,,20,,,Preharvest,Labor,Variable,Shoot positioning/move catch wires (second path) - Unskilled Labor Costs,6,$81.00 ,$13.50hr * 6.00hr,,http://publications.dyson.cornell.edu/outreach/extensionpdf/2014/Cornell-Dyson-eb1401.pdf,,,,,,,
15,Mixed Fruits & Vegetables,Grapes (Conventional),,,,21,,,Preharvest,Labor,Variable,Shoot positioning/move catch wires (second path) - Unskilled Labor Costs,6,$81.00 ,$13.50hr * 6.00hr,,http://publications.dyson.cornell.edu/outreach/extensionpdf/2014/Cornell-Dyson-eb1401.pdf,,,,,,,
15,Mixed Fruits & Vegetables,Grapes (Conventional),,,,22,,,Preharvest,Labor,Variable,Shoot positioning/move catch wires (second path) - Unskilled Labor Costs,6,$81.00 ,$13.50hr * 6.00hr,,http://publications.dyson.cornell.edu/outreach/extensionpdf/2014/Cornell-Dyson-eb1401.pdf,,,,,,,
15,Mixed Fruits & Vegetables,Grapes (Conventional),,,,4,,,Preharvest,Labor,Variable,Mechanical leaf removal - Skilled Labor Costs,3.2,$64.00 ,$20.00hr * 3.20hr,,http://publications.dyson.cornell.edu/outreach/extensionpdf/2014/Cornell-Dyson-eb1401.pdf,,,,,,,
15,Mixed Fruits & Vegetables,Grapes (Conventional),,,,5,,,Preharvest,Labor,Variable,Mechanical leaf removal - Skilled Labor Costs,3.2,$64.00 ,$20.00hr * 3.20hr,,http://publications.dyson.cornell.edu/outreach/extensionpdf/2014/Cornell-Dyson-eb1401.pdf,,,,,,,
15,Mixed Fruits & Vegetables,Grapes (Conventional),,,,6,,,Preharvest,Labor,Variable,Mechanical leaf removal - Skilled Labor Costs,3.2,$64.00 ,$20.00hr * 3.20hr,,http://publications.dyson.cornell.edu/outreach/extensionpdf/2014/Cornell-Dyson-eb1401.pdf,,,,,,,
15,Mixed Fruits & Vegetables,Grapes (Conventional),,,,7,,,Preharvest,Labor,Variable,Mechanical leaf removal - Skilled Labor Costs,3.2,$64.00 ,$20.00hr * 3.20hr,,http://publications.dyson.cornell.edu/outreach/extensionpdf/2014/Cornell-Dyson-eb1401.pdf,,,,,,,
15,Mixed Fruits & Vegetables,Grapes (Conventional),,,,8,,,Preharvest,Labor,Variable,Mechanical leaf removal - Skilled Labor Costs,3.2,$64.00 ,$20.00hr * 3.20hr,,http://publications.dyson.cornell.edu/outreach/extensionpdf/2014/Cornell-Dyson-eb1401.pdf,,,,,,,
15,Mixed Fruits & Vegetables,Grapes (Conventional),,,,9,,,Preharvest,Labor,Variable,Mechanical leaf removal - Skilled Labor Costs,3.2,$64.00 ,$20.00hr * 3.20hr,,http://publications.dyson.cornell.edu/outreach/extensionpdf/2014/Cornell-Dyson-eb1401.pdf,,,,,,,
15,Mixed Fruits & Vegetables,Grapes (Conventional),,,,10,,,Preharvest,Labor,Variable,Mechanical leaf removal - Skilled Labor Costs,3.2,$64.00 ,$20.00hr * 3.20hr,,http://publications.dyson.cornell.edu/outreach/extensionpdf/2014/Cornell-Dyson-eb1401.pdf,,,,,,,
15,Mixed Fruits & Vegetables,Grapes (Conventional),,,,11,,,Preharvest,Labor,Variable,Mechanical leaf removal - Skilled Labor Costs,3.2,$64.00 ,$20.00hr * 3.20hr,,http://publications.dyson.cornell.edu/outreach/extensionpdf/2014/Cornell-Dyson-eb1401.pdf,,,,,,,
15,Mixed Fruits & Vegetables,Grapes (Conventional),,,,12,,,Preharvest,Labor,Variable,Mechanical leaf removal - Skilled Labor Costs,3.2,$64.00 ,$20.00hr * 3.20hr,,http://publications.dyson.cornell.edu/outreach/extensionpdf/2014/Cornell-Dyson-eb1401.pdf,,,,,,,
15,Mixed Fruits & Vegetables,Grapes (Conventional),,,,13,,,Preharvest,Labor,Variable,Mechanical leaf removal - Skilled Labor Costs,3.2,$64.00 ,$20.00hr * 3.20hr,,http://publications.dyson.cornell.edu/outreach/extensionpdf/2014/Cornell-Dyson-eb1401.pdf,,,,,,,
15,Mixed Fruits & Vegetables,Grapes (Conventional),,,,14,,,Preharvest,Labor,Variable,Mechanical leaf removal - Skilled Labor Costs,3.2,$64.00 ,$20.00hr * 3.20hr,,http://publications.dyson.cornell.edu/outreach/extensionpdf/2014/Cornell-Dyson-eb1401.pdf,,,,,,,
15,Mixed Fruits & Vegetables,Grapes (Conventional),,,,15,,,Preharvest,Labor,Variable,Mechanical leaf removal - Skilled Labor Costs,3.2,$64.00 ,$20.00hr * 3.20hr,,http://publications.dyson.cornell.edu/outreach/extensionpdf/2014/Cornell-Dyson-eb1401.pdf,,,,,,,
15,Mixed Fruits & Vegetables,Grapes (Conventional),,,,16,,,Preharvest,Labor,Variable,Mechanical leaf removal - Skilled Labor Costs,3.2,$64.00 ,$20.00hr * 3.20hr,,http://publications.dyson.cornell.edu/outreach/extensionpdf/2014/Cornell-Dyson-eb1401.pdf,,,,,,,
15,Mixed Fruits & Vegetables,Grapes (Conventional),,,,17,,,Preharvest,Labor,Variable,Mechanical leaf removal - Skilled Labor Costs,3.2,$64.00 ,$20.00hr * 3.20hr,,http://publications.dyson.cornell.edu/outreach/extensionpdf/2014/Cornell-Dyson-eb1401.pdf,,,,,,,
15,Mixed Fruits & Vegetables,Grapes (Conventional),,,,18,,,Preharvest,Labor,Variable,Mechanical leaf removal - Skilled Labor Costs,3.2,$64.00 ,$20.00hr * 3.20hr,,http://publications.dyson.cornell.edu/outreach/extensionpdf/2014/Cornell-Dyson-eb1401.pdf,,,,,,,
15,Mixed Fruits & Vegetables,Grapes (Conventional),,,,19,,,Preharvest,Labor,Variable,Mechanical leaf removal - Skilled Labor Costs,3.2,$64.00 ,$20.00hr * 3.20hr,,http://publications.dyson.cornell.edu/outreach/extensionpdf/2014/Cornell-Dyson-eb1401.pdf,,,,,,,
15,Mixed Fruits & Vegetables,Grapes (Conventional),,,,20,,,Preharvest,Labor,Variable,Mechanical leaf removal - Skilled Labor Costs,3.2,$64.00 ,$20.00hr * 3.20hr,,http://publications.dyson.cornell.edu/outreach/extensionpdf/2014/Cornell-Dyson-eb1401.pdf,,,,,,,
15,Mixed Fruits & Vegetables,Grapes (Conventional),,,,21,,,Preharvest,Labor,Variable,Mechanical leaf removal - Skilled Labor Costs,3.2,$64.00 ,$20.00hr * 3.20hr,,http://publications.dyson.cornell.edu/outreach/extensionpdf/2014/Cornell-Dyson-eb1401.pdf,,,,,,,
15,Mixed Fruits & Vegetables,Grapes (Conventional),,,,22,,,Preharvest,Labor,Variable,Mechanical leaf removal - Skilled Labor Costs,3.2,$64.00 ,$20.00hr * 3.20hr,,http://publications.dyson.cornell.edu/outreach/extensionpdf/2014/Cornell-Dyson-eb1401.pdf,,,,,,,
15,Mixed Fruits & Vegetables,Grapes (Conventional),,,,4,,,Preharvest,Equipment,Variable,Mechanical leaf removal - Equipment Costs,,$19.20 ,,,http://publications.dyson.cornell.edu/outreach/extensionpdf/2014/Cornell-Dyson-eb1401.pdf,,,,,,,
15,Mixed Fruits & Vegetables,Grapes (Conventional),,,,5,,,Preharvest,Equipment,Variable,Mechanical leaf removal - Equipment Costs,,$19.20 ,,,http://publications.dyson.cornell.edu/outreach/extensionpdf/2014/Cornell-Dyson-eb1401.pdf,,,,,,,
15,Mixed Fruits & Vegetables,Grapes (Conventional),,,,6,,,Preharvest,Equipment,Variable,Mechanical leaf removal - Equipment Costs,,$19.20 ,,,http://publications.dyson.cornell.edu/outreach/extensionpdf/2014/Cornell-Dyson-eb1401.pdf,,,,,,,
15,Mixed Fruits & Vegetables,Grapes (Conventional),,,,7,,,Preharvest,Equipment,Variable,Mechanical leaf removal - Equipment Costs,,$19.20 ,,,http://publications.dyson.cornell.edu/outreach/extensionpdf/2014/Cornell-Dyson-eb1401.pdf,,,,,,,
15,Mixed Fruits & Vegetables,Grapes (Conventional),,,,8,,,Preharvest,Equipment,Variable,Mechanical leaf removal - Equipment Costs,,$19.20 ,,,http://publications.dyson.cornell.edu/outreach/extensionpdf/2014/Cornell-Dyson-eb1401.pdf,,,,,,,
15,Mixed Fruits & Vegetables,Grapes (Conventional),,,,9,,,Preharvest,Equipment,Variable,Mechanical leaf removal - Equipment Costs,,$19.20 ,,,http://publications.dyson.cornell.edu/outreach/extensionpdf/2014/Cornell-Dyson-eb1401.pdf,,,,,,,
15,Mixed Fruits & Vegetables,Grapes (Conventional),,,,10,,,Preharvest,Equipment,Variable,Mechanical leaf removal - Equipment Costs,,$19.20 ,,,http://publications.dyson.cornell.edu/outreach/extensionpdf/2014/Cornell-Dyson-eb1401.pdf,,,,,,,
15,Mixed Fruits & Vegetables,Grapes (Conventional),,,,11,,,Preharvest,Equipment,Variable,Mechanical leaf removal - Equipment Costs,,$19.20 ,,,http://publications.dyson.cornell.edu/outreach/extensionpdf/2014/Cornell-Dyson-eb1401.pdf,,,,,,,
15,Mixed Fruits & Vegetables,Grapes (Conventional),,,,12,,,Preharvest,Equipment,Variable,Mechanical leaf removal - Equipment Costs,,$19.20 ,,,http://publications.dyson.cornell.edu/outreach/extensionpdf/2014/Cornell-Dyson-eb1401.pdf,,,,,,,
15,Mixed Fruits & Vegetables,Grapes (Conventional),,,,13,,,Preharvest,Equipment,Variable,Mechanical leaf removal - Equipment Costs,,$19.20 ,,,http://publications.dyson.cornell.edu/outreach/extensionpdf/2014/Cornell-Dyson-eb1401.pdf,,,,,,,
15,Mixed Fruits & Vegetables,Grapes (Conventional),,,,14,,,Preharvest,Equipment,Variable,Mechanical leaf removal - Equipment Costs,,$19.20 ,,,http://publications.dyson.cornell.edu/outreach/extensionpdf/2014/Cornell-Dyson-eb1401.pdf,,,,,,,
15,Mixed Fruits & Vegetables,Grapes (Conventional),,,,15,,,Preharvest,Equipment,Variable,Mechanical leaf removal - Equipment Costs,,$19.20 ,,,http://publications.dyson.cornell.edu/outreach/extensionpdf/2014/Cornell-Dyson-eb1401.pdf,,,,,,,
15,Mixed Fruits & Vegetables,Grapes (Conventional),,,,16,,,Preharvest,Equipment,Variable,Mechanical leaf removal - Equipment Costs,,$19.20 ,,,http://publications.dyson.cornell.edu/outreach/extensionpdf/2014/Cornell-Dyson-eb1401.pdf,,,,,,,
15,Mixed Fruits & Vegetables,Grapes (Conventional),,,,17,,,Preharvest,Equipment,Variable,Mechanical leaf removal - Equipment Costs,,$19.20 ,,,http://publications.dyson.cornell.edu/outreach/extensionpdf/2014/Cornell-Dyson-eb1401.pdf,,,,,,,
15,Mixed Fruits & Vegetables,Grapes (Conventional),,,,18,,,Preharvest,Equipment,Variable,Mechanical leaf removal - Equipment Costs,,$19.20 ,,,http://publications.dyson.cornell.edu/outreach/extensionpdf/2014/Cornell-Dyson-eb1401.pdf,,,,,,,
15,Mixed Fruits & Vegetables,Grapes (Conventional),,,,19,,,Preharvest,Equipment,Variable,Mechanical leaf removal - Equipment Costs,,$19.20 ,,,http://publications.dyson.cornell.edu/outreach/extensionpdf/2014/Cornell-Dyson-eb1401.pdf,,,,,,,
15,Mixed Fruits & Vegetables,Grapes (Conventional),,,,20,,,Preharvest,Equipment,Variable,Mechanical leaf removal - Equipment Costs,,$19.20 ,,,http://publications.dyson.cornell.edu/outreach/extensionpdf/2014/Cornell-Dyson-eb1401.pdf,,,,,,,
15,Mixed Fruits & Vegetables,Grapes (Conventional),,,,21,,,Preharvest,Equipment,Variable,Mechanical leaf removal - Equipment Costs,,$19.20 ,,,http://publications.dyson.cornell.edu/outreach/extensionpdf/2014/Cornell-Dyson-eb1401.pdf,,,,,,,
15,Mixed Fruits & Vegetables,Grapes (Conventional),,,,22,,,Preharvest,Equipment,Variable,Mechanical leaf removal - Equipment Costs,,$19.20 ,,,http://publications.dyson.cornell.edu/outreach/extensionpdf/2014/Cornell-Dyson-eb1401.pdf,,,,,,,
15,Mixed Fruits & Vegetables,Grapes (Conventional),,,,4,,,Preharvest,Labor,Variable,Summer pruning - Skilled Labor Costs,2.6,$52.00 ,$20.00hr * 1.30hr * 2 Prunings,,http://publications.dyson.cornell.edu/outreach/extensionpdf/2014/Cornell-Dyson-eb1401.pdf,,,,,,,
15,Mixed Fruits & Vegetables,Grapes (Conventional),,,,5,,,Preharvest,Labor,Variable,Summer pruning - Skilled Labor Costs,2.6,$52.00 ,$20.00hr * 1.30hr * 2 Prunings,,http://publications.dyson.cornell.edu/outreach/extensionpdf/2014/Cornell-Dyson-eb1401.pdf,,,,,,,
15,Mixed Fruits & Vegetables,Grapes (Conventional),,,,6,,,Preharvest,Labor,Variable,Summer pruning - Skilled Labor Costs,2.6,$52.00 ,$20.00hr * 1.30hr * 2 Prunings,,http://publications.dyson.cornell.edu/outreach/extensionpdf/2014/Cornell-Dyson-eb1401.pdf,,,,,,,
15,Mixed Fruits & Vegetables,Grapes (Conventional),,,,7,,,Preharvest,Labor,Variable,Summer pruning - Skilled Labor Costs,2.6,$52.00 ,$20.00hr * 1.30hr * 2 Prunings,,http://publications.dyson.cornell.edu/outreach/extensionpdf/2014/Cornell-Dyson-eb1401.pdf,,,,,,,
15,Mixed Fruits & Vegetables,Grapes (Conventional),,,,8,,,Preharvest,Labor,Variable,Summer pruning - Skilled Labor Costs,2.6,$52.00 ,$20.00hr * 1.30hr * 2 Prunings,,http://publications.dyson.cornell.edu/outreach/extensionpdf/2014/Cornell-Dyson-eb1401.pdf,,,,,,,
15,Mixed Fruits & Vegetables,Grapes (Conventional),,,,9,,,Preharvest,Labor,Variable,Summer pruning - Skilled Labor Costs,2.6,$52.00 ,$20.00hr * 1.30hr * 2 Prunings,,http://publications.dyson.cornell.edu/outreach/extensionpdf/2014/Cornell-Dyson-eb1401.pdf,,,,,,,
15,Mixed Fruits & Vegetables,Grapes (Conventional),,,,10,,,Preharvest,Labor,Variable,Summer pruning - Skilled Labor Costs,2.6,$52.00 ,$20.00hr * 1.30hr * 2 Prunings,,http://publications.dyson.cornell.edu/outreach/extensionpdf/2014/Cornell-Dyson-eb1401.pdf,,,,,,,
15,Mixed Fruits & Vegetables,Grapes (Conventional),,,,11,,,Preharvest,Labor,Variable,Summer pruning - Skilled Labor Costs,2.6,$52.00 ,$20.00hr * 1.30hr * 2 Prunings,,http://publications.dyson.cornell.edu/outreach/extensionpdf/2014/Cornell-Dyson-eb1401.pdf,,,,,,,
15,Mixed Fruits & Vegetables,Grapes (Conventional),,,,12,,,Preharvest,Labor,Variable,Summer pruning - Skilled Labor Costs,2.6,$52.00 ,$20.00hr * 1.30hr * 2 Prunings,,http://publications.dyson.cornell.edu/outreach/extensionpdf/2014/Cornell-Dyson-eb1401.pdf,,,,,,,
15,Mixed Fruits & Vegetables,Grapes (Conventional),,,,13,,,Preharvest,Labor,Variable,Summer pruning - Skilled Labor Costs,2.6,$52.00 ,$20.00hr * 1.30hr * 2 Prunings,,http://publications.dyson.cornell.edu/outreach/extensionpdf/2014/Cornell-Dyson-eb1401.pdf,,,,,,,
15,Mixed Fruits & Vegetables,Grapes (Conventional),,,,14,,,Preharvest,Labor,Variable,Summer pruning - Skilled Labor Costs,2.6,$52.00 ,$20.00hr * 1.30hr * 2 Prunings,,http://publications.dyson.cornell.edu/outreach/extensionpdf/2014/Cornell-Dyson-eb1401.pdf,,,,,,,
15,Mixed Fruits & Vegetables,Grapes (Conventional),,,,15,,,Preharvest,Labor,Variable,Summer pruning - Skilled Labor Costs,2.6,$52.00 ,$20.00hr * 1.30hr * 2 Prunings,,http://publications.dyson.cornell.edu/outreach/extensionpdf/2014/Cornell-Dyson-eb1401.pdf,,,,,,,
15,Mixed Fruits & Vegetables,Grapes (Conventional),,,,16,,,Preharvest,Labor,Variable,Summer pruning - Skilled Labor Costs,2.6,$52.00 ,$20.00hr * 1.30hr * 2 Prunings,,http://publications.dyson.cornell.edu/outreach/extensionpdf/2014/Cornell-Dyson-eb1401.pdf,,,,,,,
15,Mixed Fruits & Vegetables,Grapes (Conventional),,,,17,,,Preharvest,Labor,Variable,Summer pruning - Skilled Labor Costs,2.6,$52.00 ,$20.00hr * 1.30hr * 2 Prunings,,http://publications.dyson.cornell.edu/outreach/extensionpdf/2014/Cornell-Dyson-eb1401.pdf,,,,,,,
15,Mixed Fruits & Vegetables,Grapes (Conventional),,,,18,,,Preharvest,Labor,Variable,Summer pruning - Skilled Labor Costs,2.6,$52.00 ,$20.00hr * 1.30hr * 2 Prunings,,http://publications.dyson.cornell.edu/outreach/extensionpdf/2014/Cornell-Dyson-eb1401.pdf,,,,,,,
15,Mixed Fruits & Vegetables,Grapes (Conventional),,,,19,,,Preharvest,Labor,Variable,Summer pruning - Skilled Labor Costs,2.6,$52.00 ,$20.00hr * 1.30hr * 2 Prunings,,http://publications.dyson.cornell.edu/outreach/extensionpdf/2014/Cornell-Dyson-eb1401.pdf,,,,,,,
15,Mixed Fruits & Vegetables,Grapes (Conventional),,,,20,,,Preharvest,Labor,Variable,Summer pruning - Skilled Labor Costs,2.6,$52.00 ,$20.00hr * 1.30hr * 2 Prunings,,http://publications.dyson.cornell.edu/outreach/extensionpdf/2014/Cornell-Dyson-eb1401.pdf,,,,,,,
15,Mixed Fruits & Vegetables,Grapes (Conventional),,,,21,,,Preharvest,Labor,Variable,Summer pruning - Skilled Labor Costs,2.6,$52.00 ,$20.00hr * 1.30hr * 2 Prunings,,http://publications.dyson.cornell.edu/outreach/extensionpdf/2014/Cornell-Dyson-eb1401.pdf,,,,,,,
15,Mixed Fruits & Vegetables,Grapes (Conventional),,,,22,,,Preharvest,Labor,Variable,Summer pruning - Skilled Labor Costs,2.6,$52.00 ,$20.00hr * 1.30hr * 2 Prunings,,http://publications.dyson.cornell.edu/outreach/extensionpdf/2014/Cornell-Dyson-eb1401.pdf,,,,,,,
15,Mixed Fruits & Vegetables,Grapes (Conventional),,,,4,,,Preharvest,Equipment,Variable,Summer pruning - Equipment Costs,,$42.69 ,Assumes 2 Prunings,,http://publications.dyson.cornell.edu/outreach/extensionpdf/2014/Cornell-Dyson-eb1401.pdf,,,,,,,
15,Mixed Fruits & Vegetables,Grapes (Conventional),,,,5,,,Preharvest,Equipment,Variable,Summer pruning - Equipment Costs,,$42.69 ,Assumes 2 Prunings,,http://publications.dyson.cornell.edu/outreach/extensionpdf/2014/Cornell-Dyson-eb1401.pdf,,,,,,,
15,Mixed Fruits & Vegetables,Grapes (Conventional),,,,6,,,Preharvest,Equipment,Variable,Summer pruning - Equipment Costs,,$42.69 ,Assumes 2 Prunings,,http://publications.dyson.cornell.edu/outreach/extensionpdf/2014/Cornell-Dyson-eb1401.pdf,,,,,,,
15,Mixed Fruits & Vegetables,Grapes (Conventional),,,,7,,,Preharvest,Equipment,Variable,Summer pruning - Equipment Costs,,$42.69 ,Assumes 2 Prunings,,http://publications.dyson.cornell.edu/outreach/extensionpdf/2014/Cornell-Dyson-eb1401.pdf,,,,,,,
15,Mixed Fruits & Vegetables,Grapes (Conventional),,,,8,,,Preharvest,Equipment,Variable,Summer pruning - Equipment Costs,,$42.69 ,Assumes 2 Prunings,,http://publications.dyson.cornell.edu/outreach/extensionpdf/2014/Cornell-Dyson-eb1401.pdf,,,,,,,
15,Mixed Fruits & Vegetables,Grapes (Conventional),,,,9,,,Preharvest,Equipment,Variable,Summer pruning - Equipment Costs,,$42.69 ,Assumes 2 Prunings,,http://publications.dyson.cornell.edu/outreach/extensionpdf/2014/Cornell-Dyson-eb1401.pdf,,,,,,,
15,Mixed Fruits & Vegetables,Grapes (Conventional),,,,10,,,Preharvest,Equipment,Variable,Summer pruning - Equipment Costs,,$42.69 ,Assumes 2 Prunings,,http://publications.dyson.cornell.edu/outreach/extensionpdf/2014/Cornell-Dyson-eb1401.pdf,,,,,,,
15,Mixed Fruits & Vegetables,Grapes (Conventional),,,,11,,,Preharvest,Equipment,Variable,Summer pruning - Equipment Costs,,$42.69 ,Assumes 2 Prunings,,http://publications.dyson.cornell.edu/outreach/extensionpdf/2014/Cornell-Dyson-eb1401.pdf,,,,,,,
15,Mixed Fruits & Vegetables,Grapes (Conventional),,,,12,,,Preharvest,Equipment,Variable,Summer pruning - Equipment Costs,,$42.69 ,Assumes 2 Prunings,,http://publications.dyson.cornell.edu/outreach/extensionpdf/2014/Cornell-Dyson-eb1401.pdf,,,,,,,
15,Mixed Fruits & Vegetables,Grapes (Conventional),,,,13,,,Preharvest,Equipment,Variable,Summer pruning - Equipment Costs,,$42.69 ,Assumes 2 Prunings,,http://publications.dyson.cornell.edu/outreach/extensionpdf/2014/Cornell-Dyson-eb1401.pdf,,,,,,,
15,Mixed Fruits & Vegetables,Grapes (Conventional),,,,14,,,Preharvest,Equipment,Variable,Summer pruning - Equipment Costs,,$42.69 ,Assumes 2 Prunings,,http://publications.dyson.cornell.edu/outreach/extensionpdf/2014/Cornell-Dyson-eb1401.pdf,,,,,,,
15,Mixed Fruits & Vegetables,Grapes (Conventional),,,,15,,,Preharvest,Equipment,Variable,Summer pruning - Equipment Costs,,$42.69 ,Assumes 2 Prunings,,http://publications.dyson.cornell.edu/outreach/extensionpdf/2014/Cornell-Dyson-eb1401.pdf,,,,,,,
15,Mixed Fruits & Vegetables,Grapes (Conventional),,,,16,,,Preharvest,Equipment,Variable,Summer pruning - Equipment Costs,,$42.69 ,Assumes 2 Prunings,,http://publications.dyson.cornell.edu/outreach/extensionpdf/2014/Cornell-Dyson-eb1401.pdf,,,,,,,
15,Mixed Fruits & Vegetables,Grapes (Conventional),,,,17,,,Preharvest,Equipment,Variable,Summer pruning - Equipment Costs,,$42.69 ,Assumes 2 Prunings,,http://publications.dyson.cornell.edu/outreach/extensionpdf/2014/Cornell-Dyson-eb1401.pdf,,,,,,,
15,Mixed Fruits & Vegetables,Grapes (Conventional),,,,18,,,Preharvest,Equipment,Variable,Summer pruning - Equipment Costs,,$42.69 ,Assumes 2 Prunings,,http://publications.dyson.cornell.edu/outreach/extensionpdf/2014/Cornell-Dyson-eb1401.pdf,,,,,,,
15,Mixed Fruits & Vegetables,Grapes (Conventional),,,,19,,,Preharvest,Equipment,Variable,Summer pruning - Equipment Costs,,$42.69 ,Assumes 2 Prunings,,http://publications.dyson.cornell.edu/outreach/extensionpdf/2014/Cornell-Dyson-eb1401.pdf,,,,,,,
15,Mixed Fruits & Vegetables,Grapes (Conventional),,,,20,,,Preharvest,Equipment,Variable,Summer pruning - Equipment Costs,,$42.69 ,Assumes 2 Prunings,,http://publications.dyson.cornell.edu/outreach/extensionpdf/2014/Cornell-Dyson-eb1401.pdf,,,,,,,
15,Mixed Fruits & Vegetables,Grapes (Conventional),,,,21,,,Preharvest,Equipment,Variable,Summer pruning - Equipment Costs,,$42.69 ,Assumes 2 Prunings,,http://publications.dyson.cornell.edu/outreach/extensionpdf/2014/Cornell-Dyson-eb1401.pdf,,,,,,,
15,Mixed Fruits & Vegetables,Grapes (Conventional),,,,22,,,Preharvest,Equipment,Variable,Summer pruning - Equipment Costs,,$42.69 ,Assumes 2 Prunings,,http://publications.dyson.cornell.edu/outreach/extensionpdf/2014/Cornell-Dyson-eb1401.pdf,,,,,,,
15,Mixed Fruits & Vegetables,Grapes (Conventional),,,,4,,,Preharvest,Labor,Variable,Petiole sampling  - Skilled Labor Costs,0.1,$2.00 ,$20.00hr * 0.1hr             (Assumes every 2 years),,http://publications.dyson.cornell.edu/outreach/extensionpdf/2014/Cornell-Dyson-eb1401.pdf,,,,,,,
15,Mixed Fruits & Vegetables,Grapes (Conventional),,,,5,,,Preharvest,Labor,Variable,Petiole sampling  - Skilled Labor Costs,0.1,$2.00 ,$20.00hr * 0.1hr             (Assumes every 2 years),,http://publications.dyson.cornell.edu/outreach/extensionpdf/2014/Cornell-Dyson-eb1401.pdf,,,,,,,
15,Mixed Fruits & Vegetables,Grapes (Conventional),,,,6,,,Preharvest,Labor,Variable,Petiole sampling  - Skilled Labor Costs,0.1,$2.00 ,$20.00hr * 0.1hr             (Assumes every 2 years),,http://publications.dyson.cornell.edu/outreach/extensionpdf/2014/Cornell-Dyson-eb1401.pdf,,,,,,,
15,Mixed Fruits & Vegetables,Grapes (Conventional),,,,7,,,Preharvest,Labor,Variable,Petiole sampling  - Skilled Labor Costs,0.1,$2.00 ,$20.00hr * 0.1hr             (Assumes every 2 years),,http://publications.dyson.cornell.edu/outreach/extensionpdf/2014/Cornell-Dyson-eb1401.pdf,,,,,,,
15,Mixed Fruits & Vegetables,Grapes (Conventional),,,,8,,,Preharvest,Labor,Variable,Petiole sampling  - Skilled Labor Costs,0.1,$2.00 ,$20.00hr * 0.1hr             (Assumes every 2 years),,http://publications.dyson.cornell.edu/outreach/extensionpdf/2014/Cornell-Dyson-eb1401.pdf,,,,,,,
15,Mixed Fruits & Vegetables,Grapes (Conventional),,,,9,,,Preharvest,Labor,Variable,Petiole sampling  - Skilled Labor Costs,0.1,$2.00 ,$20.00hr * 0.1hr             (Assumes every 2 years),,http://publications.dyson.cornell.edu/outreach/extensionpdf/2014/Cornell-Dyson-eb1401.pdf,,,,,,,
15,Mixed Fruits & Vegetables,Grapes (Conventional),,,,10,,,Preharvest,Labor,Variable,Petiole sampling  - Skilled Labor Costs,0.1,$2.00 ,$20.00hr * 0.1hr             (Assumes every 2 years),,http://publications.dyson.cornell.edu/outreach/extensionpdf/2014/Cornell-Dyson-eb1401.pdf,,,,,,,
15,Mixed Fruits & Vegetables,Grapes (Conventional),,,,11,,,Preharvest,Labor,Variable,Petiole sampling  - Skilled Labor Costs,0.1,$2.00 ,$20.00hr * 0.1hr             (Assumes every 2 years),,http://publications.dyson.cornell.edu/outreach/extensionpdf/2014/Cornell-Dyson-eb1401.pdf,,,,,,,
15,Mixed Fruits & Vegetables,Grapes (Conventional),,,,12,,,Preharvest,Labor,Variable,Petiole sampling  - Skilled Labor Costs,0.1,$2.00 ,$20.00hr * 0.1hr             (Assumes every 2 years),,http://publications.dyson.cornell.edu/outreach/extensionpdf/2014/Cornell-Dyson-eb1401.pdf,,,,,,,
15,Mixed Fruits & Vegetables,Grapes (Conventional),,,,13,,,Preharvest,Labor,Variable,Petiole sampling  - Skilled Labor Costs,0.1,$2.00 ,$20.00hr * 0.1hr             (Assumes every 2 years),,http://publications.dyson.cornell.edu/outreach/extensionpdf/2014/Cornell-Dyson-eb1401.pdf,,,,,,,
15,Mixed Fruits & Vegetables,Grapes (Conventional),,,,14,,,Preharvest,Labor,Variable,Petiole sampling  - Skilled Labor Costs,0.1,$2.00 ,$20.00hr * 0.1hr             (Assumes every 2 years),,http://publications.dyson.cornell.edu/outreach/extensionpdf/2014/Cornell-Dyson-eb1401.pdf,,,,,,,
15,Mixed Fruits & Vegetables,Grapes (Conventional),,,,15,,,Preharvest,Labor,Variable,Petiole sampling  - Skilled Labor Costs,0.1,$2.00 ,$20.00hr * 0.1hr             (Assumes every 2 years),,http://publications.dyson.cornell.edu/outreach/extensionpdf/2014/Cornell-Dyson-eb1401.pdf,,,,,,,
15,Mixed Fruits & Vegetables,Grapes (Conventional),,,,16,,,Preharvest,Labor,Variable,Petiole sampling  - Skilled Labor Costs,0.1,$2.00 ,$20.00hr * 0.1hr             (Assumes every 2 years),,http://publications.dyson.cornell.edu/outreach/extensionpdf/2014/Cornell-Dyson-eb1401.pdf,,,,,,,
15,Mixed Fruits & Vegetables,Grapes (Conventional),,,,17,,,Preharvest,Labor,Variable,Petiole sampling  - Skilled Labor Costs,0.1,$2.00 ,$20.00hr * 0.1hr             (Assumes every 2 years),,http://publications.dyson.cornell.edu/outreach/extensionpdf/2014/Cornell-Dyson-eb1401.pdf,,,,,,,
15,Mixed Fruits & Vegetables,Grapes (Conventional),,,,18,,,Preharvest,Labor,Variable,Petiole sampling  - Skilled Labor Costs,0.1,$2.00 ,$20.00hr * 0.1hr             (Assumes every 2 years),,http://publications.dyson.cornell.edu/outreach/extensionpdf/2014/Cornell-Dyson-eb1401.pdf,,,,,,,
15,Mixed Fruits & Vegetables,Grapes (Conventional),,,,19,,,Preharvest,Labor,Variable,Petiole sampling  - Skilled Labor Costs,0.1,$2.00 ,$20.00hr * 0.1hr             (Assumes every 2 years),,http://publications.dyson.cornell.edu/outreach/extensionpdf/2014/Cornell-Dyson-eb1401.pdf,,,,,,,
15,Mixed Fruits & Vegetables,Grapes (Conventional),,,,20,,,Preharvest,Labor,Variable,Petiole sampling  - Skilled Labor Costs,0.1,$2.00 ,$20.00hr * 0.1hr             (Assumes every 2 years),,http://publications.dyson.cornell.edu/outreach/extensionpdf/2014/Cornell-Dyson-eb1401.pdf,,,,,,,
15,Mixed Fruits & Vegetables,Grapes (Conventional),,,,21,,,Preharvest,Labor,Variable,Petiole sampling  - Skilled Labor Costs,0.1,$2.00 ,$20.00hr * 0.1hr             (Assumes every 2 years),,http://publications.dyson.cornell.edu/outreach/extensionpdf/2014/Cornell-Dyson-eb1401.pdf,,,,,,,
15,Mixed Fruits & Vegetables,Grapes (Conventional),,,,22,,,Preharvest,Labor,Variable,Petiole sampling  - Skilled Labor Costs,0.1,$2.00 ,$20.00hr * 0.1hr             (Assumes every 2 years),,http://publications.dyson.cornell.edu/outreach/extensionpdf/2014/Cornell-Dyson-eb1401.pdf,,,,,,,
15,Mixed Fruits & Vegetables,Grapes (Conventional),,,,4,,,Preharvest,Input,Variable,Petiole sampling - Material Costs,,$1.00 ,Assumes every 2 years,,http://publications.dyson.cornell.edu/outreach/extensionpdf/2014/Cornell-Dyson-eb1401.pdf,,,,,,,
15,Mixed Fruits & Vegetables,Grapes (Conventional),,,,5,,,Preharvest,Input,Variable,Petiole sampling - Material Costs,,$1.00 ,Assumes every 2 years,,http://publications.dyson.cornell.edu/outreach/extensionpdf/2014/Cornell-Dyson-eb1401.pdf,,,,,,,
15,Mixed Fruits & Vegetables,Grapes (Conventional),,,,6,,,Preharvest,Input,Variable,Petiole sampling - Material Costs,,$1.00 ,Assumes every 2 years,,http://publications.dyson.cornell.edu/outreach/extensionpdf/2014/Cornell-Dyson-eb1401.pdf,,,,,,,
15,Mixed Fruits & Vegetables,Grapes (Conventional),,,,7,,,Preharvest,Input,Variable,Petiole sampling - Material Costs,,$1.00 ,Assumes every 2 years,,http://publications.dyson.cornell.edu/outreach/extensionpdf/2014/Cornell-Dyson-eb1401.pdf,,,,,,,
15,Mixed Fruits & Vegetables,Grapes (Conventional),,,,8,,,Preharvest,Input,Variable,Petiole sampling - Material Costs,,$1.00 ,Assumes every 2 years,,http://publications.dyson.cornell.edu/outreach/extensionpdf/2014/Cornell-Dyson-eb1401.pdf,,,,,,,
15,Mixed Fruits & Vegetables,Grapes (Conventional),,,,9,,,Preharvest,Input,Variable,Petiole sampling - Material Costs,,$1.00 ,Assumes every 2 years,,http://publications.dyson.cornell.edu/outreach/extensionpdf/2014/Cornell-Dyson-eb1401.pdf,,,,,,,
15,Mixed Fruits & Vegetables,Grapes (Conventional),,,,10,,,Preharvest,Input,Variable,Petiole sampling - Material Costs,,$1.00 ,Assumes every 2 years,,http://publications.dyson.cornell.edu/outreach/extensionpdf/2014/Cornell-Dyson-eb1401.pdf,,,,,,,
15,Mixed Fruits & Vegetables,Grapes (Conventional),,,,11,,,Preharvest,Input,Variable,Petiole sampling - Material Costs,,$1.00 ,Assumes every 2 years,,http://publications.dyson.cornell.edu/outreach/extensionpdf/2014/Cornell-Dyson-eb1401.pdf,,,,,,,
15,Mixed Fruits & Vegetables,Grapes (Conventional),,,,12,,,Preharvest,Input,Variable,Petiole sampling - Material Costs,,$1.00 ,Assumes every 2 years,,http://publications.dyson.cornell.edu/outreach/extensionpdf/2014/Cornell-Dyson-eb1401.pdf,,,,,,,
15,Mixed Fruits & Vegetables,Grapes (Conventional),,,,13,,,Preharvest,Input,Variable,Petiole sampling - Material Costs,,$1.00 ,Assumes every 2 years,,http://publications.dyson.cornell.edu/outreach/extensionpdf/2014/Cornell-Dyson-eb1401.pdf,,,,,,,
15,Mixed Fruits & Vegetables,Grapes (Conventional),,,,14,,,Preharvest,Input,Variable,Petiole sampling - Material Costs,,$1.00 ,Assumes every 2 years,,http://publications.dyson.cornell.edu/outreach/extensionpdf/2014/Cornell-Dyson-eb1401.pdf,,,,,,,
15,Mixed Fruits & Vegetables,Grapes (Conventional),,,,15,,,Preharvest,Input,Variable,Petiole sampling - Material Costs,,$1.00 ,Assumes every 2 years,,http://publications.dyson.cornell.edu/outreach/extensionpdf/2014/Cornell-Dyson-eb1401.pdf,,,,,,,
15,Mixed Fruits & Vegetables,Grapes (Conventional),,,,16,,,Preharvest,Input,Variable,Petiole sampling - Material Costs,,$1.00 ,Assumes every 2 years,,http://publications.dyson.cornell.edu/outreach/extensionpdf/2014/Cornell-Dyson-eb1401.pdf,,,,,,,
15,Mixed Fruits & Vegetables,Grapes (Conventional),,,,17,,,Preharvest,Input,Variable,Petiole sampling - Material Costs,,$1.00 ,Assumes every 2 years,,http://publications.dyson.cornell.edu/outreach/extensionpdf/2014/Cornell-Dyson-eb1401.pdf,,,,,,,
15,Mixed Fruits & Vegetables,Grapes (Conventional),,,,18,,,Preharvest,Input,Variable,Petiole sampling - Material Costs,,$1.00 ,Assumes every 2 years,,http://publications.dyson.cornell.edu/outreach/extensionpdf/2014/Cornell-Dyson-eb1401.pdf,,,,,,,
15,Mixed Fruits & Vegetables,Grapes (Conventional),,,,19,,,Preharvest,Input,Variable,Petiole sampling - Material Costs,,$1.00 ,Assumes every 2 years,,http://publications.dyson.cornell.edu/outreach/extensionpdf/2014/Cornell-Dyson-eb1401.pdf,,,,,,,
15,Mixed Fruits & Vegetables,Grapes (Conventional),,,,20,,,Preharvest,Input,Variable,Petiole sampling - Material Costs,,$1.00 ,Assumes every 2 years,,http://publications.dyson.cornell.edu/outreach/extensionpdf/2014/Cornell-Dyson-eb1401.pdf,,,,,,,
15,Mixed Fruits & Vegetables,Grapes (Conventional),,,,21,,,Preharvest,Input,Variable,Petiole sampling - Material Costs,,$1.00 ,Assumes every 2 years,,http://publications.dyson.cornell.edu/outreach/extensionpdf/2014/Cornell-Dyson-eb1401.pdf,,,,,,,
15,Mixed Fruits & Vegetables,Grapes (Conventional),,,,22,,,Preharvest,Input,Variable,Petiole sampling - Material Costs,,$1.00 ,Assumes every 2 years,,http://publications.dyson.cornell.edu/outreach/extensionpdf/2014/Cornell-Dyson-eb1401.pdf,,,,,,,
15,Mixed Fruits & Vegetables,Grapes (Conventional),,,,4,,,Preharvest,Labor,Variable,Soil sampling - Skilled Labor Costs,0.1,$2.00 ,$20.00hr * 0.50hr /5 years                   (every 5 years),,http://publications.dyson.cornell.edu/outreach/extensionpdf/2014/Cornell-Dyson-eb1401.pdf,,,,,,,
15,Mixed Fruits & Vegetables,Grapes (Conventional),,,,5,,,Preharvest,Labor,Variable,Soil sampling - Skilled Labor Costs,0.1,$2.00 ,$20.00hr * 0.50hr /5 years                   (every 5 years),,http://publications.dyson.cornell.edu/outreach/extensionpdf/2014/Cornell-Dyson-eb1401.pdf,,,,,,,
15,Mixed Fruits & Vegetables,Grapes (Conventional),,,,6,,,Preharvest,Labor,Variable,Soil sampling - Skilled Labor Costs,0.1,$2.00 ,$20.00hr * 0.50hr /5 years                   (every 5 years),,http://publications.dyson.cornell.edu/outreach/extensionpdf/2014/Cornell-Dyson-eb1401.pdf,,,,,,,
15,Mixed Fruits & Vegetables,Grapes (Conventional),,,,7,,,Preharvest,Labor,Variable,Soil sampling - Skilled Labor Costs,0.1,$2.00 ,$20.00hr * 0.50hr /5 years                   (every 5 years),,http://publications.dyson.cornell.edu/outreach/extensionpdf/2014/Cornell-Dyson-eb1401.pdf,,,,,,,
15,Mixed Fruits & Vegetables,Grapes (Conventional),,,,8,,,Preharvest,Labor,Variable,Soil sampling - Skilled Labor Costs,0.1,$2.00 ,$20.00hr * 0.50hr /5 years                   (every 5 years),,http://publications.dyson.cornell.edu/outreach/extensionpdf/2014/Cornell-Dyson-eb1401.pdf,,,,,,,
15,Mixed Fruits & Vegetables,Grapes (Conventional),,,,9,,,Preharvest,Labor,Variable,Soil sampling - Skilled Labor Costs,0.1,$2.00 ,$20.00hr * 0.50hr /5 years                   (every 5 years),,http://publications.dyson.cornell.edu/outreach/extensionpdf/2014/Cornell-Dyson-eb1401.pdf,,,,,,,
15,Mixed Fruits & Vegetables,Grapes (Conventional),,,,10,,,Preharvest,Labor,Variable,Soil sampling - Skilled Labor Costs,0.1,$2.00 ,$20.00hr * 0.50hr /5 years                   (every 5 years),,http://publications.dyson.cornell.edu/outreach/extensionpdf/2014/Cornell-Dyson-eb1401.pdf,,,,,,,
15,Mixed Fruits & Vegetables,Grapes (Conventional),,,,11,,,Preharvest,Labor,Variable,Soil sampling - Skilled Labor Costs,0.1,$2.00 ,$20.00hr * 0.50hr /5 years                   (every 5 years),,http://publications.dyson.cornell.edu/outreach/extensionpdf/2014/Cornell-Dyson-eb1401.pdf,,,,,,,
15,Mixed Fruits & Vegetables,Grapes (Conventional),,,,12,,,Preharvest,Labor,Variable,Soil sampling - Skilled Labor Costs,0.1,$2.00 ,$20.00hr * 0.50hr /5 years                   (every 5 years),,http://publications.dyson.cornell.edu/outreach/extensionpdf/2014/Cornell-Dyson-eb1401.pdf,,,,,,,
15,Mixed Fruits & Vegetables,Grapes (Conventional),,,,13,,,Preharvest,Labor,Variable,Soil sampling - Skilled Labor Costs,0.1,$2.00 ,$20.00hr * 0.50hr /5 years                   (every 5 years),,http://publications.dyson.cornell.edu/outreach/extensionpdf/2014/Cornell-Dyson-eb1401.pdf,,,,,,,
15,Mixed Fruits & Vegetables,Grapes (Conventional),,,,14,,,Preharvest,Labor,Variable,Soil sampling - Skilled Labor Costs,0.1,$2.00 ,$20.00hr * 0.50hr /5 years                   (every 5 years),,http://publications.dyson.cornell.edu/outreach/extensionpdf/2014/Cornell-Dyson-eb1401.pdf,,,,,,,
15,Mixed Fruits & Vegetables,Grapes (Conventional),,,,15,,,Preharvest,Labor,Variable,Soil sampling - Skilled Labor Costs,0.1,$2.00 ,$20.00hr * 0.50hr /5 years                   (every 5 years),,http://publications.dyson.cornell.edu/outreach/extensionpdf/2014/Cornell-Dyson-eb1401.pdf,,,,,,,
15,Mixed Fruits & Vegetables,Grapes (Conventional),,,,16,,,Preharvest,Labor,Variable,Soil sampling - Skilled Labor Costs,0.1,$2.00 ,$20.00hr * 0.50hr /5 years                   (every 5 years),,http://publications.dyson.cornell.edu/outreach/extensionpdf/2014/Cornell-Dyson-eb1401.pdf,,,,,,,
15,Mixed Fruits & Vegetables,Grapes (Conventional),,,,17,,,Preharvest,Labor,Variable,Soil sampling - Skilled Labor Costs,0.1,$2.00 ,$20.00hr * 0.50hr /5 years                   (every 5 years),,http://publications.dyson.cornell.edu/outreach/extensionpdf/2014/Cornell-Dyson-eb1401.pdf,,,,,,,
15,Mixed Fruits & Vegetables,Grapes (Conventional),,,,18,,,Preharvest,Labor,Variable,Soil sampling - Skilled Labor Costs,0.1,$2.00 ,$20.00hr * 0.50hr /5 years                   (every 5 years),,http://publications.dyson.cornell.edu/outreach/extensionpdf/2014/Cornell-Dyson-eb1401.pdf,,,,,,,
15,Mixed Fruits & Vegetables,Grapes (Conventional),,,,19,,,Preharvest,Labor,Variable,Soil sampling - Skilled Labor Costs,0.1,$2.00 ,$20.00hr * 0.50hr /5 years                   (every 5 years),,http://publications.dyson.cornell.edu/outreach/extensionpdf/2014/Cornell-Dyson-eb1401.pdf,,,,,,,
15,Mixed Fruits & Vegetables,Grapes (Conventional),,,,20,,,Preharvest,Labor,Variable,Soil sampling - Skilled Labor Costs,0.1,$2.00 ,$20.00hr * 0.50hr /5 years                   (every 5 years),,http://publications.dyson.cornell.edu/outreach/extensionpdf/2014/Cornell-Dyson-eb1401.pdf,,,,,,,
15,Mixed Fruits & Vegetables,Grapes (Conventional),,,,21,,,Preharvest,Labor,Variable,Soil sampling - Skilled Labor Costs,0.1,$2.00 ,$20.00hr * 0.50hr /5 years                   (every 5 years),,http://publications.dyson.cornell.edu/outreach/extensionpdf/2014/Cornell-Dyson-eb1401.pdf,,,,,,,
15,Mixed Fruits & Vegetables,Grapes (Conventional),,,,22,,,Preharvest,Labor,Variable,Soil sampling - Skilled Labor Costs,0.1,$2.00 ,$20.00hr * 0.50hr /5 years                   (every 5 years),,http://publications.dyson.cornell.edu/outreach/extensionpdf/2014/Cornell-Dyson-eb1401.pdf,,,,,,,
15,Mixed Fruits & Vegetables,Grapes (Conventional),,,,4,,,Preharvest,Input,Variable,Soil sampling  - Material Costs,,$0.40 ,(every 5 years),,http://publications.dyson.cornell.edu/outreach/extensionpdf/2014/Cornell-Dyson-eb1401.pdf,,,,,,,
15,Mixed Fruits & Vegetables,Grapes (Conventional),,,,5,,,Preharvest,Input,Variable,Soil sampling  - Material Costs,,$0.40 ,(every 5 years),,http://publications.dyson.cornell.edu/outreach/extensionpdf/2014/Cornell-Dyson-eb1401.pdf,,,,,,,
15,Mixed Fruits & Vegetables,Grapes (Conventional),,,,6,,,Preharvest,Input,Variable,Soil sampling  - Material Costs,,$0.40 ,(every 5 years),,http://publications.dyson.cornell.edu/outreach/extensionpdf/2014/Cornell-Dyson-eb1401.pdf,,,,,,,
15,Mixed Fruits & Vegetables,Grapes (Conventional),,,,7,,,Preharvest,Input,Variable,Soil sampling  - Material Costs,,$0.40 ,(every 5 years),,http://publications.dyson.cornell.edu/outreach/extensionpdf/2014/Cornell-Dyson-eb1401.pdf,,,,,,,
15,Mixed Fruits & Vegetables,Grapes (Conventional),,,,8,,,Preharvest,Input,Variable,Soil sampling  - Material Costs,,$0.40 ,(every 5 years),,http://publications.dyson.cornell.edu/outreach/extensionpdf/2014/Cornell-Dyson-eb1401.pdf,,,,,,,
15,Mixed Fruits & Vegetables,Grapes (Conventional),,,,9,,,Preharvest,Input,Variable,Soil sampling  - Material Costs,,$0.40 ,(every 5 years),,http://publications.dyson.cornell.edu/outreach/extensionpdf/2014/Cornell-Dyson-eb1401.pdf,,,,,,,
15,Mixed Fruits & Vegetables,Grapes (Conventional),,,,10,,,Preharvest,Input,Variable,Soil sampling  - Material Costs,,$0.40 ,(every 5 years),,http://publications.dyson.cornell.edu/outreach/extensionpdf/2014/Cornell-Dyson-eb1401.pdf,,,,,,,
15,Mixed Fruits & Vegetables,Grapes (Conventional),,,,11,,,Preharvest,Input,Variable,Soil sampling  - Material Costs,,$0.40 ,(every 5 years),,http://publications.dyson.cornell.edu/outreach/extensionpdf/2014/Cornell-Dyson-eb1401.pdf,,,,,,,
15,Mixed Fruits & Vegetables,Grapes (Conventional),,,,12,,,Preharvest,Input,Variable,Soil sampling  - Material Costs,,$0.40 ,(every 5 years),,http://publications.dyson.cornell.edu/outreach/extensionpdf/2014/Cornell-Dyson-eb1401.pdf,,,,,,,
15,Mixed Fruits & Vegetables,Grapes (Conventional),,,,13,,,Preharvest,Input,Variable,Soil sampling  - Material Costs,,$0.40 ,(every 5 years),,http://publications.dyson.cornell.edu/outreach/extensionpdf/2014/Cornell-Dyson-eb1401.pdf,,,,,,,
15,Mixed Fruits & Vegetables,Grapes (Conventional),,,,14,,,Preharvest,Input,Variable,Soil sampling  - Material Costs,,$0.40 ,(every 5 years),,http://publications.dyson.cornell.edu/outreach/extensionpdf/2014/Cornell-Dyson-eb1401.pdf,,,,,,,
15,Mixed Fruits & Vegetables,Grapes (Conventional),,,,15,,,Preharvest,Input,Variable,Soil sampling  - Material Costs,,$0.40 ,(every 5 years),,http://publications.dyson.cornell.edu/outreach/extensionpdf/2014/Cornell-Dyson-eb1401.pdf,,,,,,,
15,Mixed Fruits & Vegetables,Grapes (Conventional),,,,16,,,Preharvest,Input,Variable,Soil sampling  - Material Costs,,$0.40 ,(every 5 years),,http://publications.dyson.cornell.edu/outreach/extensionpdf/2014/Cornell-Dyson-eb1401.pdf,,,,,,,
15,Mixed Fruits & Vegetables,Grapes (Conventional),,,,17,,,Preharvest,Input,Variable,Soil sampling  - Material Costs,,$0.40 ,(every 5 years),,http://publications.dyson.cornell.edu/outreach/extensionpdf/2014/Cornell-Dyson-eb1401.pdf,,,,,,,
15,Mixed Fruits & Vegetables,Grapes (Conventional),,,,18,,,Preharvest,Input,Variable,Soil sampling  - Material Costs,,$0.40 ,(every 5 years),,http://publications.dyson.cornell.edu/outreach/extensionpdf/2014/Cornell-Dyson-eb1401.pdf,,,,,,,
15,Mixed Fruits & Vegetables,Grapes (Conventional),,,,19,,,Preharvest,Input,Variable,Soil sampling  - Material Costs,,$0.40 ,(every 5 years),,http://publications.dyson.cornell.edu/outreach/extensionpdf/2014/Cornell-Dyson-eb1401.pdf,,,,,,,
15,Mixed Fruits & Vegetables,Grapes (Conventional),,,,20,,,Preharvest,Input,Variable,Soil sampling  - Material Costs,,$0.40 ,(every 5 years),,http://publications.dyson.cornell.edu/outreach/extensionpdf/2014/Cornell-Dyson-eb1401.pdf,,,,,,,
15,Mixed Fruits & Vegetables,Grapes (Conventional),,,,21,,,Preharvest,Input,Variable,Soil sampling  - Material Costs,,$0.40 ,(every 5 years),,http://publications.dyson.cornell.edu/outreach/extensionpdf/2014/Cornell-Dyson-eb1401.pdf,,,,,,,
15,Mixed Fruits & Vegetables,Grapes (Conventional),,,,22,,,Preharvest,Input,Variable,Soil sampling  - Material Costs,,$0.40 ,(every 5 years),,http://publications.dyson.cornell.edu/outreach/extensionpdf/2014/Cornell-Dyson-eb1401.pdf,,,,,,,
15,Mixed Fruits & Vegetables,Grapes (Conventional),,,,4,,,Preharvest,Labor,Variable,Hilling-up - Skilled Labor Costs,1.7,$34.00 ,$20.00hr * 1.70hr,,http://publications.dyson.cornell.edu/outreach/extensionpdf/2014/Cornell-Dyson-eb1401.pdf,,,,,,,
15,Mixed Fruits & Vegetables,Grapes (Conventional),,,,5,,,Preharvest,Labor,Variable,Hilling-up - Skilled Labor Costs,1.7,$34.00 ,$20.00hr * 1.70hr,,http://publications.dyson.cornell.edu/outreach/extensionpdf/2014/Cornell-Dyson-eb1401.pdf,,,,,,,
15,Mixed Fruits & Vegetables,Grapes (Conventional),,,,6,,,Preharvest,Labor,Variable,Hilling-up - Skilled Labor Costs,1.7,$34.00 ,$20.00hr * 1.70hr,,http://publications.dyson.cornell.edu/outreach/extensionpdf/2014/Cornell-Dyson-eb1401.pdf,,,,,,,
15,Mixed Fruits & Vegetables,Grapes (Conventional),,,,7,,,Preharvest,Labor,Variable,Hilling-up - Skilled Labor Costs,1.7,$34.00 ,$20.00hr * 1.70hr,,http://publications.dyson.cornell.edu/outreach/extensionpdf/2014/Cornell-Dyson-eb1401.pdf,,,,,,,
15,Mixed Fruits & Vegetables,Grapes (Conventional),,,,8,,,Preharvest,Labor,Variable,Hilling-up - Skilled Labor Costs,1.7,$34.00 ,$20.00hr * 1.70hr,,http://publications.dyson.cornell.edu/outreach/extensionpdf/2014/Cornell-Dyson-eb1401.pdf,,,,,,,
15,Mixed Fruits & Vegetables,Grapes (Conventional),,,,9,,,Preharvest,Labor,Variable,Hilling-up - Skilled Labor Costs,1.7,$34.00 ,$20.00hr * 1.70hr,,http://publications.dyson.cornell.edu/outreach/extensionpdf/2014/Cornell-Dyson-eb1401.pdf,,,,,,,
15,Mixed Fruits & Vegetables,Grapes (Conventional),,,,10,,,Preharvest,Labor,Variable,Hilling-up - Skilled Labor Costs,1.7,$34.00 ,$20.00hr * 1.70hr,,http://publications.dyson.cornell.edu/outreach/extensionpdf/2014/Cornell-Dyson-eb1401.pdf,,,,,,,
15,Mixed Fruits & Vegetables,Grapes (Conventional),,,,11,,,Preharvest,Labor,Variable,Hilling-up - Skilled Labor Costs,1.7,$34.00 ,$20.00hr * 1.70hr,,http://publications.dyson.cornell.edu/outreach/extensionpdf/2014/Cornell-Dyson-eb1401.pdf,,,,,,,
15,Mixed Fruits & Vegetables,Grapes (Conventional),,,,12,,,Preharvest,Labor,Variable,Hilling-up - Skilled Labor Costs,1.7,$34.00 ,$20.00hr * 1.70hr,,http://publications.dyson.cornell.edu/outreach/extensionpdf/2014/Cornell-Dyson-eb1401.pdf,,,,,,,
15,Mixed Fruits & Vegetables,Grapes (Conventional),,,,13,,,Preharvest,Labor,Variable,Hilling-up - Skilled Labor Costs,1.7,$34.00 ,$20.00hr * 1.70hr,,http://publications.dyson.cornell.edu/outreach/extensionpdf/2014/Cornell-Dyson-eb1401.pdf,,,,,,,
15,Mixed Fruits & Vegetables,Grapes (Conventional),,,,14,,,Preharvest,Labor,Variable,Hilling-up - Skilled Labor Costs,1.7,$34.00 ,$20.00hr * 1.70hr,,http://publications.dyson.cornell.edu/outreach/extensionpdf/2014/Cornell-Dyson-eb1401.pdf,,,,,,,
15,Mixed Fruits & Vegetables,Grapes (Conventional),,,,15,,,Preharvest,Labor,Variable,Hilling-up - Skilled Labor Costs,1.7,$34.00 ,$20.00hr * 1.70hr,,http://publications.dyson.cornell.edu/outreach/extensionpdf/2014/Cornell-Dyson-eb1401.pdf,,,,,,,
15,Mixed Fruits & Vegetables,Grapes (Conventional),,,,16,,,Preharvest,Labor,Variable,Hilling-up - Skilled Labor Costs,1.7,$34.00 ,$20.00hr * 1.70hr,,http://publications.dyson.cornell.edu/outreach/extensionpdf/2014/Cornell-Dyson-eb1401.pdf,,,,,,,
15,Mixed Fruits & Vegetables,Grapes (Conventional),,,,17,,,Preharvest,Labor,Variable,Hilling-up - Skilled Labor Costs,1.7,$34.00 ,$20.00hr * 1.70hr,,http://publications.dyson.cornell.edu/outreach/extensionpdf/2014/Cornell-Dyson-eb1401.pdf,,,,,,,
15,Mixed Fruits & Vegetables,Grapes (Conventional),,,,18,,,Preharvest,Labor,Variable,Hilling-up - Skilled Labor Costs,1.7,$34.00 ,$20.00hr * 1.70hr,,http://publications.dyson.cornell.edu/outreach/extensionpdf/2014/Cornell-Dyson-eb1401.pdf,,,,,,,
15,Mixed Fruits & Vegetables,Grapes (Conventional),,,,19,,,Preharvest,Labor,Variable,Hilling-up - Skilled Labor Costs,1.7,$34.00 ,$20.00hr * 1.70hr,,http://publications.dyson.cornell.edu/outreach/extensionpdf/2014/Cornell-Dyson-eb1401.pdf,,,,,,,
15,Mixed Fruits & Vegetables,Grapes (Conventional),,,,20,,,Preharvest,Labor,Variable,Hilling-up - Skilled Labor Costs,1.7,$34.00 ,$20.00hr * 1.70hr,,http://publications.dyson.cornell.edu/outreach/extensionpdf/2014/Cornell-Dyson-eb1401.pdf,,,,,,,
15,Mixed Fruits & Vegetables,Grapes (Conventional),,,,21,,,Preharvest,Labor,Variable,Hilling-up - Skilled Labor Costs,1.7,$34.00 ,$20.00hr * 1.70hr,,http://publications.dyson.cornell.edu/outreach/extensionpdf/2014/Cornell-Dyson-eb1401.pdf,,,,,,,
15,Mixed Fruits & Vegetables,Grapes (Conventional),,,,22,,,Preharvest,Labor,Variable,Hilling-up - Skilled Labor Costs,1.7,$34.00 ,$20.00hr * 1.70hr,,http://publications.dyson.cornell.edu/outreach/extensionpdf/2014/Cornell-Dyson-eb1401.pdf,,,,,,,
15,Mixed Fruits & Vegetables,Grapes (Conventional),,,,4,,,Preharvest,Equipment,Variable,Hilling-up - Equipment Costs,,$27.05 ,,,http://publications.dyson.cornell.edu/outreach/extensionpdf/2014/Cornell-Dyson-eb1401.pdf,,,,,,,
15,Mixed Fruits & Vegetables,Grapes (Conventional),,,,5,,,Preharvest,Equipment,Variable,Hilling-up - Equipment Costs,,$27.05 ,,,http://publications.dyson.cornell.edu/outreach/extensionpdf/2014/Cornell-Dyson-eb1401.pdf,,,,,,,
15,Mixed Fruits & Vegetables,Grapes (Conventional),,,,6,,,Preharvest,Equipment,Variable,Hilling-up - Equipment Costs,,$27.05 ,,,http://publications.dyson.cornell.edu/outreach/extensionpdf/2014/Cornell-Dyson-eb1401.pdf,,,,,,,
15,Mixed Fruits & Vegetables,Grapes (Conventional),,,,7,,,Preharvest,Equipment,Variable,Hilling-up - Equipment Costs,,$27.05 ,,,http://publications.dyson.cornell.edu/outreach/extensionpdf/2014/Cornell-Dyson-eb1401.pdf,,,,,,,
15,Mixed Fruits & Vegetables,Grapes (Conventional),,,,8,,,Preharvest,Equipment,Variable,Hilling-up - Equipment Costs,,$27.05 ,,,http://publications.dyson.cornell.edu/outreach/extensionpdf/2014/Cornell-Dyson-eb1401.pdf,,,,,,,
15,Mixed Fruits & Vegetables,Grapes (Conventional),,,,9,,,Preharvest,Equipment,Variable,Hilling-up - Equipment Costs,,$27.05 ,,,http://publications.dyson.cornell.edu/outreach/extensionpdf/2014/Cornell-Dyson-eb1401.pdf,,,,,,,
15,Mixed Fruits & Vegetables,Grapes (Conventional),,,,10,,,Preharvest,Equipment,Variable,Hilling-up - Equipment Costs,,$27.05 ,,,http://publications.dyson.cornell.edu/outreach/extensionpdf/2014/Cornell-Dyson-eb1401.pdf,,,,,,,
15,Mixed Fruits & Vegetables,Grapes (Conventional),,,,11,,,Preharvest,Equipment,Variable,Hilling-up - Equipment Costs,,$27.05 ,,,http://publications.dyson.cornell.edu/outreach/extensionpdf/2014/Cornell-Dyson-eb1401.pdf,,,,,,,
15,Mixed Fruits & Vegetables,Grapes (Conventional),,,,12,,,Preharvest,Equipment,Variable,Hilling-up - Equipment Costs,,$27.05 ,,,http://publications.dyson.cornell.edu/outreach/extensionpdf/2014/Cornell-Dyson-eb1401.pdf,,,,,,,
15,Mixed Fruits & Vegetables,Grapes (Conventional),,,,13,,,Preharvest,Equipment,Variable,Hilling-up - Equipment Costs,,$27.05 ,,,http://publications.dyson.cornell.edu/outreach/extensionpdf/2014/Cornell-Dyson-eb1401.pdf,,,,,,,
15,Mixed Fruits & Vegetables,Grapes (Conventional),,,,14,,,Preharvest,Equipment,Variable,Hilling-up - Equipment Costs,,$27.05 ,,,http://publications.dyson.cornell.edu/outreach/extensionpdf/2014/Cornell-Dyson-eb1401.pdf,,,,,,,
15,Mixed Fruits & Vegetables,Grapes (Conventional),,,,15,,,Preharvest,Equipment,Variable,Hilling-up - Equipment Costs,,$27.05 ,,,http://publications.dyson.cornell.edu/outreach/extensionpdf/2014/Cornell-Dyson-eb1401.pdf,,,,,,,
15,Mixed Fruits & Vegetables,Grapes (Conventional),,,,16,,,Preharvest,Equipment,Variable,Hilling-up - Equipment Costs,,$27.05 ,,,http://publications.dyson.cornell.edu/outreach/extensionpdf/2014/Cornell-Dyson-eb1401.pdf,,,,,,,
15,Mixed Fruits & Vegetables,Grapes (Conventional),,,,17,,,Preharvest,Equipment,Variable,Hilling-up - Equipment Costs,,$27.05 ,,,http://publications.dyson.cornell.edu/outreach/extensionpdf/2014/Cornell-Dyson-eb1401.pdf,,,,,,,
15,Mixed Fruits & Vegetables,Grapes (Conventional),,,,18,,,Preharvest,Equipment,Variable,Hilling-up - Equipment Costs,,$27.05 ,,,http://publications.dyson.cornell.edu/outreach/extensionpdf/2014/Cornell-Dyson-eb1401.pdf,,,,,,,
15,Mixed Fruits & Vegetables,Grapes (Conventional),,,,19,,,Preharvest,Equipment,Variable,Hilling-up - Equipment Costs,,$27.05 ,,,http://publications.dyson.cornell.edu/outreach/extensionpdf/2014/Cornell-Dyson-eb1401.pdf,,,,,,,
15,Mixed Fruits & Vegetables,Grapes (Conventional),,,,20,,,Preharvest,Equipment,Variable,Hilling-up - Equipment Costs,,$27.05 ,,,http://publications.dyson.cornell.edu/outreach/extensionpdf/2014/Cornell-Dyson-eb1401.pdf,,,,,,,
15,Mixed Fruits & Vegetables,Grapes (Conventional),,,,21,,,Preharvest,Equipment,Variable,Hilling-up - Equipment Costs,,$27.05 ,,,http://publications.dyson.cornell.edu/outreach/extensionpdf/2014/Cornell-Dyson-eb1401.pdf,,,,,,,
15,Mixed Fruits & Vegetables,Grapes (Conventional),,,,22,,,Preharvest,Equipment,Variable,Hilling-up - Equipment Costs,,$27.05 ,,,http://publications.dyson.cornell.edu/outreach/extensionpdf/2014/Cornell-Dyson-eb1401.pdf,,,,,,,
15,Mixed Fruits & Vegetables,Grapes (Conventional),,,,4,,,Preharvest,Labor,Variable,Fall fertilization - Skilled Labor Costs,0.3,$6.00 ,$20/hr * 0.30hr,,http://publications.dyson.cornell.edu/outreach/extensionpdf/2014/Cornell-Dyson-eb1401.pdf,,,,,,,
15,Mixed Fruits & Vegetables,Grapes (Conventional),,,,5,,,Preharvest,Labor,Variable,Fall fertilization - Skilled Labor Costs,0.3,$6.00 ,$20/hr * 0.30hr,,http://publications.dyson.cornell.edu/outreach/extensionpdf/2014/Cornell-Dyson-eb1401.pdf,,,,,,,
15,Mixed Fruits & Vegetables,Grapes (Conventional),,,,6,,,Preharvest,Labor,Variable,Fall fertilization - Skilled Labor Costs,0.3,$6.00 ,$20/hr * 0.30hr,,http://publications.dyson.cornell.edu/outreach/extensionpdf/2014/Cornell-Dyson-eb1401.pdf,,,,,,,
15,Mixed Fruits & Vegetables,Grapes (Conventional),,,,7,,,Preharvest,Labor,Variable,Fall fertilization - Skilled Labor Costs,0.3,$6.00 ,$20/hr * 0.30hr,,http://publications.dyson.cornell.edu/outreach/extensionpdf/2014/Cornell-Dyson-eb1401.pdf,,,,,,,
15,Mixed Fruits & Vegetables,Grapes (Conventional),,,,8,,,Preharvest,Labor,Variable,Fall fertilization - Skilled Labor Costs,0.3,$6.00 ,$20/hr * 0.30hr,,http://publications.dyson.cornell.edu/outreach/extensionpdf/2014/Cornell-Dyson-eb1401.pdf,,,,,,,
15,Mixed Fruits & Vegetables,Grapes (Conventional),,,,9,,,Preharvest,Labor,Variable,Fall fertilization - Skilled Labor Costs,0.3,$6.00 ,$20/hr * 0.30hr,,http://publications.dyson.cornell.edu/outreach/extensionpdf/2014/Cornell-Dyson-eb1401.pdf,,,,,,,
15,Mixed Fruits & Vegetables,Grapes (Conventional),,,,10,,,Preharvest,Labor,Variable,Fall fertilization - Skilled Labor Costs,0.3,$6.00 ,$20/hr * 0.30hr,,http://publications.dyson.cornell.edu/outreach/extensionpdf/2014/Cornell-Dyson-eb1401.pdf,,,,,,,
15,Mixed Fruits & Vegetables,Grapes (Conventional),,,,11,,,Preharvest,Labor,Variable,Fall fertilization - Skilled Labor Costs,0.3,$6.00 ,$20/hr * 0.30hr,,http://publications.dyson.cornell.edu/outreach/extensionpdf/2014/Cornell-Dyson-eb1401.pdf,,,,,,,
15,Mixed Fruits & Vegetables,Grapes (Conventional),,,,12,,,Preharvest,Labor,Variable,Fall fertilization - Skilled Labor Costs,0.3,$6.00 ,$20/hr * 0.30hr,,http://publications.dyson.cornell.edu/outreach/extensionpdf/2014/Cornell-Dyson-eb1401.pdf,,,,,,,
15,Mixed Fruits & Vegetables,Grapes (Conventional),,,,13,,,Preharvest,Labor,Variable,Fall fertilization - Skilled Labor Costs,0.3,$6.00 ,$20/hr * 0.30hr,,http://publications.dyson.cornell.edu/outreach/extensionpdf/2014/Cornell-Dyson-eb1401.pdf,,,,,,,
15,Mixed Fruits & Vegetables,Grapes (Conventional),,,,14,,,Preharvest,Labor,Variable,Fall fertilization - Skilled Labor Costs,0.3,$6.00 ,$20/hr * 0.30hr,,http://publications.dyson.cornell.edu/outreach/extensionpdf/2014/Cornell-Dyson-eb1401.pdf,,,,,,,
15,Mixed Fruits & Vegetables,Grapes (Conventional),,,,15,,,Preharvest,Labor,Variable,Fall fertilization - Skilled Labor Costs,0.3,$6.00 ,$20/hr * 0.30hr,,http://publications.dyson.cornell.edu/outreach/extensionpdf/2014/Cornell-Dyson-eb1401.pdf,,,,,,,
15,Mixed Fruits & Vegetables,Grapes (Conventional),,,,16,,,Preharvest,Labor,Variable,Fall fertilization - Skilled Labor Costs,0.3,$6.00 ,$20/hr * 0.30hr,,http://publications.dyson.cornell.edu/outreach/extensionpdf/2014/Cornell-Dyson-eb1401.pdf,,,,,,,
15,Mixed Fruits & Vegetables,Grapes (Conventional),,,,17,,,Preharvest,Labor,Variable,Fall fertilization - Skilled Labor Costs,0.3,$6.00 ,$20/hr * 0.30hr,,http://publications.dyson.cornell.edu/outreach/extensionpdf/2014/Cornell-Dyson-eb1401.pdf,,,,,,,
15,Mixed Fruits & Vegetables,Grapes (Conventional),,,,18,,,Preharvest,Labor,Variable,Fall fertilization - Skilled Labor Costs,0.3,$6.00 ,$20/hr * 0.30hr,,http://publications.dyson.cornell.edu/outreach/extensionpdf/2014/Cornell-Dyson-eb1401.pdf,,,,,,,
15,Mixed Fruits & Vegetables,Grapes (Conventional),,,,19,,,Preharvest,Labor,Variable,Fall fertilization - Skilled Labor Costs,0.3,$6.00 ,$20/hr * 0.30hr,,http://publications.dyson.cornell.edu/outreach/extensionpdf/2014/Cornell-Dyson-eb1401.pdf,,,,,,,
15,Mixed Fruits & Vegetables,Grapes (Conventional),,,,20,,,Preharvest,Labor,Variable,Fall fertilization - Skilled Labor Costs,0.3,$6.00 ,$20/hr * 0.30hr,,http://publications.dyson.cornell.edu/outreach/extensionpdf/2014/Cornell-Dyson-eb1401.pdf,,,,,,,
15,Mixed Fruits & Vegetables,Grapes (Conventional),,,,21,,,Preharvest,Labor,Variable,Fall fertilization - Skilled Labor Costs,0.3,$6.00 ,$20/hr * 0.30hr,,http://publications.dyson.cornell.edu/outreach/extensionpdf/2014/Cornell-Dyson-eb1401.pdf,,,,,,,
15,Mixed Fruits & Vegetables,Grapes (Conventional),,,,22,,,Preharvest,Labor,Variable,Fall fertilization - Skilled Labor Costs,0.3,$6.00 ,$20/hr * 0.30hr,,http://publications.dyson.cornell.edu/outreach/extensionpdf/2014/Cornell-Dyson-eb1401.pdf,,,,,,,
15,Mixed Fruits & Vegetables,Grapes (Conventional),,,,4,,,Preharvest,Equipment,Variable,Fall fertilization - Equipment Costs,,$5.14 ,,,http://publications.dyson.cornell.edu/outreach/extensionpdf/2014/Cornell-Dyson-eb1401.pdf,,,,,,,
15,Mixed Fruits & Vegetables,Grapes (Conventional),,,,5,,,Preharvest,Equipment,Variable,Fall fertilization - Equipment Costs,,$5.14 ,,,http://publications.dyson.cornell.edu/outreach/extensionpdf/2014/Cornell-Dyson-eb1401.pdf,,,,,,,
15,Mixed Fruits & Vegetables,Grapes (Conventional),,,,6,,,Preharvest,Equipment,Variable,Fall fertilization - Equipment Costs,,$5.14 ,,,http://publications.dyson.cornell.edu/outreach/extensionpdf/2014/Cornell-Dyson-eb1401.pdf,,,,,,,
15,Mixed Fruits & Vegetables,Grapes (Conventional),,,,7,,,Preharvest,Equipment,Variable,Fall fertilization - Equipment Costs,,$5.14 ,,,http://publications.dyson.cornell.edu/outreach/extensionpdf/2014/Cornell-Dyson-eb1401.pdf,,,,,,,
15,Mixed Fruits & Vegetables,Grapes (Conventional),,,,8,,,Preharvest,Equipment,Variable,Fall fertilization - Equipment Costs,,$5.14 ,,,http://publications.dyson.cornell.edu/outreach/extensionpdf/2014/Cornell-Dyson-eb1401.pdf,,,,,,,
15,Mixed Fruits & Vegetables,Grapes (Conventional),,,,9,,,Preharvest,Equipment,Variable,Fall fertilization - Equipment Costs,,$5.14 ,,,http://publications.dyson.cornell.edu/outreach/extensionpdf/2014/Cornell-Dyson-eb1401.pdf,,,,,,,
15,Mixed Fruits & Vegetables,Grapes (Conventional),,,,10,,,Preharvest,Equipment,Variable,Fall fertilization - Equipment Costs,,$5.14 ,,,http://publications.dyson.cornell.edu/outreach/extensionpdf/2014/Cornell-Dyson-eb1401.pdf,,,,,,,
15,Mixed Fruits & Vegetables,Grapes (Conventional),,,,11,,,Preharvest,Equipment,Variable,Fall fertilization - Equipment Costs,,$5.14 ,,,http://publications.dyson.cornell.edu/outreach/extensionpdf/2014/Cornell-Dyson-eb1401.pdf,,,,,,,
15,Mixed Fruits & Vegetables,Grapes (Conventional),,,,12,,,Preharvest,Equipment,Variable,Fall fertilization - Equipment Costs,,$5.14 ,,,http://publications.dyson.cornell.edu/outreach/extensionpdf/2014/Cornell-Dyson-eb1401.pdf,,,,,,,
15,Mixed Fruits & Vegetables,Grapes (Conventional),,,,13,,,Preharvest,Equipment,Variable,Fall fertilization - Equipment Costs,,$5.14 ,,,http://publications.dyson.cornell.edu/outreach/extensionpdf/2014/Cornell-Dyson-eb1401.pdf,,,,,,,
15,Mixed Fruits & Vegetables,Grapes (Conventional),,,,14,,,Preharvest,Equipment,Variable,Fall fertilization - Equipment Costs,,$5.14 ,,,http://publications.dyson.cornell.edu/outreach/extensionpdf/2014/Cornell-Dyson-eb1401.pdf,,,,,,,
15,Mixed Fruits & Vegetables,Grapes (Conventional),,,,15,,,Preharvest,Equipment,Variable,Fall fertilization - Equipment Costs,,$5.14 ,,,http://publications.dyson.cornell.edu/outreach/extensionpdf/2014/Cornell-Dyson-eb1401.pdf,,,,,,,
15,Mixed Fruits & Vegetables,Grapes (Conventional),,,,16,,,Preharvest,Equipment,Variable,Fall fertilization - Equipment Costs,,$5.14 ,,,http://publications.dyson.cornell.edu/outreach/extensionpdf/2014/Cornell-Dyson-eb1401.pdf,,,,,,,
15,Mixed Fruits & Vegetables,Grapes (Conventional),,,,17,,,Preharvest,Equipment,Variable,Fall fertilization - Equipment Costs,,$5.14 ,,,http://publications.dyson.cornell.edu/outreach/extensionpdf/2014/Cornell-Dyson-eb1401.pdf,,,,,,,
15,Mixed Fruits & Vegetables,Grapes (Conventional),,,,18,,,Preharvest,Equipment,Variable,Fall fertilization - Equipment Costs,,$5.14 ,,,http://publications.dyson.cornell.edu/outreach/extensionpdf/2014/Cornell-Dyson-eb1401.pdf,,,,,,,
15,Mixed Fruits & Vegetables,Grapes (Conventional),,,,19,,,Preharvest,Equipment,Variable,Fall fertilization - Equipment Costs,,$5.14 ,,,http://publications.dyson.cornell.edu/outreach/extensionpdf/2014/Cornell-Dyson-eb1401.pdf,,,,,,,
15,Mixed Fruits & Vegetables,Grapes (Conventional),,,,20,,,Preharvest,Equipment,Variable,Fall fertilization - Equipment Costs,,$5.14 ,,,http://publications.dyson.cornell.edu/outreach/extensionpdf/2014/Cornell-Dyson-eb1401.pdf,,,,,,,
15,Mixed Fruits & Vegetables,Grapes (Conventional),,,,21,,,Preharvest,Equipment,Variable,Fall fertilization - Equipment Costs,,$5.14 ,,,http://publications.dyson.cornell.edu/outreach/extensionpdf/2014/Cornell-Dyson-eb1401.pdf,,,,,,,
15,Mixed Fruits & Vegetables,Grapes (Conventional),,,,22,,,Preharvest,Equipment,Variable,Fall fertilization - Equipment Costs,,$5.14 ,,,http://publications.dyson.cornell.edu/outreach/extensionpdf/2014/Cornell-Dyson-eb1401.pdf,,,,,,,
15,Mixed Fruits & Vegetables,Grapes (Conventional),,,,4,,,Preharvest,Input,Variable,Fall fertilization - Material Costs,,$25.00 ,$500ton *.15ton Potash / 3 years,,http://publications.dyson.cornell.edu/outreach/extensionpdf/2014/Cornell-Dyson-eb1401.pdf,,,,,,,
15,Mixed Fruits & Vegetables,Grapes (Conventional),,,,5,,,Preharvest,Input,Variable,Fall fertilization - Material Costs,,$25.00 ,$500ton *.15ton Potash / 3 years,,http://publications.dyson.cornell.edu/outreach/extensionpdf/2014/Cornell-Dyson-eb1401.pdf,,,,,,,
15,Mixed Fruits & Vegetables,Grapes (Conventional),,,,6,,,Preharvest,Input,Variable,Fall fertilization - Material Costs,,$25.00 ,$500ton *.15ton Potash / 3 years,,http://publications.dyson.cornell.edu/outreach/extensionpdf/2014/Cornell-Dyson-eb1401.pdf,,,,,,,
15,Mixed Fruits & Vegetables,Grapes (Conventional),,,,7,,,Preharvest,Input,Variable,Fall fertilization - Material Costs,,$25.00 ,$500ton *.15ton Potash / 3 years,,http://publications.dyson.cornell.edu/outreach/extensionpdf/2014/Cornell-Dyson-eb1401.pdf,,,,,,,
15,Mixed Fruits & Vegetables,Grapes (Conventional),,,,8,,,Preharvest,Input,Variable,Fall fertilization - Material Costs,,$25.00 ,$500ton *.15ton Potash / 3 years,,http://publications.dyson.cornell.edu/outreach/extensionpdf/2014/Cornell-Dyson-eb1401.pdf,,,,,,,
15,Mixed Fruits & Vegetables,Grapes (Conventional),,,,9,,,Preharvest,Input,Variable,Fall fertilization - Material Costs,,$25.00 ,$500ton *.15ton Potash / 3 years,,http://publications.dyson.cornell.edu/outreach/extensionpdf/2014/Cornell-Dyson-eb1401.pdf,,,,,,,
15,Mixed Fruits & Vegetables,Grapes (Conventional),,,,10,,,Preharvest,Input,Variable,Fall fertilization - Material Costs,,$25.00 ,$500ton *.15ton Potash / 3 years,,http://publications.dyson.cornell.edu/outreach/extensionpdf/2014/Cornell-Dyson-eb1401.pdf,,,,,,,
15,Mixed Fruits & Vegetables,Grapes (Conventional),,,,11,,,Preharvest,Input,Variable,Fall fertilization - Material Costs,,$25.00 ,$500ton *.15ton Potash / 3 years,,http://publications.dyson.cornell.edu/outreach/extensionpdf/2014/Cornell-Dyson-eb1401.pdf,,,,,,,
15,Mixed Fruits & Vegetables,Grapes (Conventional),,,,12,,,Preharvest,Input,Variable,Fall fertilization - Material Costs,,$25.00 ,$500ton *.15ton Potash / 3 years,,http://publications.dyson.cornell.edu/outreach/extensionpdf/2014/Cornell-Dyson-eb1401.pdf,,,,,,,
15,Mixed Fruits & Vegetables,Grapes (Conventional),,,,13,,,Preharvest,Input,Variable,Fall fertilization - Material Costs,,$25.00 ,$500ton *.15ton Potash / 3 years,,http://publications.dyson.cornell.edu/outreach/extensionpdf/2014/Cornell-Dyson-eb1401.pdf,,,,,,,
15,Mixed Fruits & Vegetables,Grapes (Conventional),,,,14,,,Preharvest,Input,Variable,Fall fertilization - Material Costs,,$25.00 ,$500ton *.15ton Potash / 3 years,,http://publications.dyson.cornell.edu/outreach/extensionpdf/2014/Cornell-Dyson-eb1401.pdf,,,,,,,
15,Mixed Fruits & Vegetables,Grapes (Conventional),,,,15,,,Preharvest,Input,Variable,Fall fertilization - Material Costs,,$25.00 ,$500ton *.15ton Potash / 3 years,,http://publications.dyson.cornell.edu/outreach/extensionpdf/2014/Cornell-Dyson-eb1401.pdf,,,,,,,
15,Mixed Fruits & Vegetables,Grapes (Conventional),,,,16,,,Preharvest,Input,Variable,Fall fertilization - Material Costs,,$25.00 ,$500ton *.15ton Potash / 3 years,,http://publications.dyson.cornell.edu/outreach/extensionpdf/2014/Cornell-Dyson-eb1401.pdf,,,,,,,
15,Mixed Fruits & Vegetables,Grapes (Conventional),,,,17,,,Preharvest,Input,Variable,Fall fertilization - Material Costs,,$25.00 ,$500ton *.15ton Potash / 3 years,,http://publications.dyson.cornell.edu/outreach/extensionpdf/2014/Cornell-Dyson-eb1401.pdf,,,,,,,
15,Mixed Fruits & Vegetables,Grapes (Conventional),,,,18,,,Preharvest,Input,Variable,Fall fertilization - Material Costs,,$25.00 ,$500ton *.15ton Potash / 3 years,,http://publications.dyson.cornell.edu/outreach/extensionpdf/2014/Cornell-Dyson-eb1401.pdf,,,,,,,
15,Mixed Fruits & Vegetables,Grapes (Conventional),,,,19,,,Preharvest,Input,Variable,Fall fertilization - Material Costs,,$25.00 ,$500ton *.15ton Potash / 3 years,,http://publications.dyson.cornell.edu/outreach/extensionpdf/2014/Cornell-Dyson-eb1401.pdf,,,,,,,
15,Mixed Fruits & Vegetables,Grapes (Conventional),,,,20,,,Preharvest,Input,Variable,Fall fertilization - Material Costs,,$25.00 ,$500ton *.15ton Potash / 3 years,,http://publications.dyson.cornell.edu/outreach/extensionpdf/2014/Cornell-Dyson-eb1401.pdf,,,,,,,
15,Mixed Fruits & Vegetables,Grapes (Conventional),,,,21,,,Preharvest,Input,Variable,Fall fertilization - Material Costs,,$25.00 ,$500ton *.15ton Potash / 3 years,,http://publications.dyson.cornell.edu/outreach/extensionpdf/2014/Cornell-Dyson-eb1401.pdf,,,,,,,
15,Mixed Fruits & Vegetables,Grapes (Conventional),,,,22,,,Preharvest,Input,Variable,Fall fertilization - Material Costs,,$25.00 ,$500ton *.15ton Potash / 3 years,,http://publications.dyson.cornell.edu/outreach/extensionpdf/2014/Cornell-Dyson-eb1401.pdf,,,,,,,
15,Mixed Fruits & Vegetables,Grapes (Conventional),,,,4,,,Preharvest,Other,Fixed,Crop insurance - Other,,$109.00 ,,,http://publications.dyson.cornell.edu/outreach/extensionpdf/2014/Cornell-Dyson-eb1401.pdf,,,,,,,
15,Mixed Fruits & Vegetables,Grapes (Conventional),,,,5,,,Preharvest,Other,Fixed,Crop insurance - Other,,$109.00 ,,,http://publications.dyson.cornell.edu/outreach/extensionpdf/2014/Cornell-Dyson-eb1401.pdf,,,,,,,
15,Mixed Fruits & Vegetables,Grapes (Conventional),,,,6,,,Preharvest,Other,Fixed,Crop insurance - Other,,$109.00 ,,,http://publications.dyson.cornell.edu/outreach/extensionpdf/2014/Cornell-Dyson-eb1401.pdf,,,,,,,
15,Mixed Fruits & Vegetables,Grapes (Conventional),,,,7,,,Preharvest,Other,Fixed,Crop insurance - Other,,$109.00 ,,,http://publications.dyson.cornell.edu/outreach/extensionpdf/2014/Cornell-Dyson-eb1401.pdf,,,,,,,
15,Mixed Fruits & Vegetables,Grapes (Conventional),,,,8,,,Preharvest,Other,Fixed,Crop insurance - Other,,$109.00 ,,,http://publications.dyson.cornell.edu/outreach/extensionpdf/2014/Cornell-Dyson-eb1401.pdf,,,,,,,
15,Mixed Fruits & Vegetables,Grapes (Conventional),,,,9,,,Preharvest,Other,Fixed,Crop insurance - Other,,$109.00 ,,,http://publications.dyson.cornell.edu/outreach/extensionpdf/2014/Cornell-Dyson-eb1401.pdf,,,,,,,
15,Mixed Fruits & Vegetables,Grapes (Conventional),,,,10,,,Preharvest,Other,Fixed,Crop insurance - Other,,$109.00 ,,,http://publications.dyson.cornell.edu/outreach/extensionpdf/2014/Cornell-Dyson-eb1401.pdf,,,,,,,
15,Mixed Fruits & Vegetables,Grapes (Conventional),,,,11,,,Preharvest,Other,Fixed,Crop insurance - Other,,$109.00 ,,,http://publications.dyson.cornell.edu/outreach/extensionpdf/2014/Cornell-Dyson-eb1401.pdf,,,,,,,
15,Mixed Fruits & Vegetables,Grapes (Conventional),,,,12,,,Preharvest,Other,Fixed,Crop insurance - Other,,$109.00 ,,,http://publications.dyson.cornell.edu/outreach/extensionpdf/2014/Cornell-Dyson-eb1401.pdf,,,,,,,
15,Mixed Fruits & Vegetables,Grapes (Conventional),,,,13,,,Preharvest,Other,Fixed,Crop insurance - Other,,$109.00 ,,,http://publications.dyson.cornell.edu/outreach/extensionpdf/2014/Cornell-Dyson-eb1401.pdf,,,,,,,
15,Mixed Fruits & Vegetables,Grapes (Conventional),,,,14,,,Preharvest,Other,Fixed,Crop insurance - Other,,$109.00 ,,,http://publications.dyson.cornell.edu/outreach/extensionpdf/2014/Cornell-Dyson-eb1401.pdf,,,,,,,
15,Mixed Fruits & Vegetables,Grapes (Conventional),,,,15,,,Preharvest,Other,Fixed,Crop insurance - Other,,$109.00 ,,,http://publications.dyson.cornell.edu/outreach/extensionpdf/2014/Cornell-Dyson-eb1401.pdf,,,,,,,
15,Mixed Fruits & Vegetables,Grapes (Conventional),,,,16,,,Preharvest,Other,Fixed,Crop insurance - Other,,$109.00 ,,,http://publications.dyson.cornell.edu/outreach/extensionpdf/2014/Cornell-Dyson-eb1401.pdf,,,,,,,
15,Mixed Fruits & Vegetables,Grapes (Conventional),,,,17,,,Preharvest,Other,Fixed,Crop insurance - Other,,$109.00 ,,,http://publications.dyson.cornell.edu/outreach/extensionpdf/2014/Cornell-Dyson-eb1401.pdf,,,,,,,
15,Mixed Fruits & Vegetables,Grapes (Conventional),,,,18,,,Preharvest,Other,Fixed,Crop insurance - Other,,$109.00 ,,,http://publications.dyson.cornell.edu/outreach/extensionpdf/2014/Cornell-Dyson-eb1401.pdf,,,,,,,
15,Mixed Fruits & Vegetables,Grapes (Conventional),,,,19,,,Preharvest,Other,Fixed,Crop insurance - Other,,$109.00 ,,,http://publications.dyson.cornell.edu/outreach/extensionpdf/2014/Cornell-Dyson-eb1401.pdf,,,,,,,
15,Mixed Fruits & Vegetables,Grapes (Conventional),,,,20,,,Preharvest,Other,Fixed,Crop insurance - Other,,$109.00 ,,,http://publications.dyson.cornell.edu/outreach/extensionpdf/2014/Cornell-Dyson-eb1401.pdf,,,,,,,
15,Mixed Fruits & Vegetables,Grapes (Conventional),,,,21,,,Preharvest,Other,Fixed,Crop insurance - Other,,$109.00 ,,Total yr  4-22,http://publications.dyson.cornell.edu/outreach/extensionpdf/2014/Cornell-Dyson-eb1401.pdf,,,,,,,
15,Mixed Fruits & Vegetables,Grapes (Conventional),,,,22,,,Preharvest,Other,Fixed,Crop insurance - Other,,$109.00 ,,"$52,487.41 ",http://publications.dyson.cornell.edu/outreach/extensionpdf/2014/Cornell-Dyson-eb1401.pdf,,,,,,,
15,Mixed Fruits & Vegetables,Green Beans,,,,1,,Annual,Establishment,Other,--,Green Beans - Assumptions,,$0.00 ,"Ag Decision Maker, Specialty Green Beans 4' rows, 100' beds ==== assume 70 beds/acre",,http://www.extension.iastate.edu/agdm/decisionaidscd.html,,,,,,,
15,Mixed Fruits & Vegetables,Green Beans,,,,1,,Annual,Establishment,Input,Variable,Seed - Cover Crops ,,$31.50 ,0.6 lbs seed/bed * $0.75/lb seed * 70 beds,,http://www.extension.iastate.edu/agdm/decisionaidscd.html,,,,,,,
15,Mixed Fruits & Vegetables,Green Beans,,,,1,,Annual,Establishment,Input,Variable,Seed ,,"$1,400.00 ",2 lbs seed/bed * $10/lb seed * 70 beds,,http://www.extension.iastate.edu/agdm/decisionaidscd.html,,,,,,,
15,Mixed Fruits & Vegetables,Green Beans,,,,1,,Annual,Establishment,Input,Variable,Fertilization ,,$63.00 ,6 lbs fertilizer/bed * $0.15/lb fert * 70 beds,,http://www.extension.iastate.edu/agdm/decisionaidscd.html,,,,,,,
15,Mixed Fruits & Vegetables,Green Beans,,,,1,10,Annual,Establishment,Labor,Variable,Labor - Cover crop,3.5,$35.00 ,0.05 hrs/bed * $10/hr * 70 beds,,http://www.extension.iastate.edu/agdm/decisionaidscd.html,,,,,,,
15,Mixed Fruits & Vegetables,Green Beans,,,,1,10,Annual,Establishment,Labor,Variable,Labor - Bed preparation ,14,$140.00 ,0.20 hrs/bed * $10/hrs * 70 beds,,http://www.extension.iastate.edu/agdm/decisionaidscd.html,,,,,,,
15,Mixed Fruits & Vegetables,Green Beans,,,,1,10,Annual,Establishment,Labor,Variable,Labor - Fertilizer spreading,7,$70.00 ,0.10 hrs/bed * $10/hr * 70 beds,,http://www.extension.iastate.edu/agdm/decisionaidscd.html,,,,,,,
15,Mixed Fruits & Vegetables,Green Beans,,,,1,10,Annual,Establishment,Labor,Variable,Labor - Planting ,10.5,$105.00 ,0.15 hrs/bed * $10/hr * 70 beds,,http://www.extension.iastate.edu/agdm/decisionaidscd.html,,,,,,,
15,Mixed Fruits & Vegetables,Green Beans,,,,1,10,Annual,Establishment,Labor,Variable,Labor - Irrigation set up ,17.5,$175.00 ,0.25 hrs/bed * $10/hr * 70 beds,,http://www.extension.iastate.edu/agdm/decisionaidscd.html,,,,,,,
15,Mixed Fruits & Vegetables,Green Beans,,,,1,10?,Annual,Establishment,Labor,Variable,Labor - Weeding ,140,"$1,400.00 ",2.00 hrs/bed * $10/hr * 70 beds,,http://www.extension.iastate.edu/agdm/decisionaidscd.html,,,,,,,
15,Mixed Fruits & Vegetables,Green Beans,,,,1,,Annual,Harvest,Other,Variable,Harvest - 1 lb bags,,$252.00 ,120 lbs beans/bed * 1 bag/lb * $0.03/bag * 70 beds,,http://www.extension.iastate.edu/agdm/decisionaidscd.html,,,,,,,
15,Mixed Fruits & Vegetables,Green Beans,,,,1,14,Annual,Harvest,Labor,Variable,Harvest Labor,1050,"$10,500.00 ",15 hrs/bed * $10/hr * 70 beds,,http://www.extension.iastate.edu/agdm/decisionaidscd.html,,,,,,,
15,Mixed Fruits & Vegetables,Green Beans,,,,1,15,Annual,Harvest,Labor,Variable,Packaging ,35,$350.00 ,0.50 hrs/bed * @10/hr * 70 beds,,http://www.extension.iastate.edu/agdm/decisionaidscd.html,,,,,,,
15,Mixed Fruits & Vegetables,Green Beans,,,,1,,Annual,Constant,Equipment,Fixed,Ownership Costs - Irrigation System ,,$79.80 ,$1.14/bed * 70 beds,,http://www.extension.iastate.edu/agdm/decisionaidscd.html,,,,,,,
15,Mixed Fruits & Vegetables,Green Beans,,,,1,,Annual,Constant,Equipment,Fixed,Ownership Costs - Machinery ,,$499.80 ,$7.14/bed * 70 beds,,http://www.extension.iastate.edu/agdm/decisionaidscd.html,,,,,,,
15,Mixed Fruits & Vegetables,Green Beans,,,,1,,Annual,Constant,Other,Fixed,Ownership Costs - Land,,$160.30 ,$2.29/bed * 70 beds,,http://www.extension.iastate.edu/agdm/decisionaidscd.html,,,,,,,
15,Mixed Fruits & Vegetables,Winter Squash,,,,1,,Annual,Preharvest,Input,Variable,Lime,,$10.00 ,0.5 ton/acre * $20/ton,,http://www.uky.edu/ccd/tools/budgets,,,,,,,
15,Mixed Fruits & Vegetables,Winter Squash,,,,1,,Annual,Preharvest,Input,Variable,N Fertilizer: Urea,,$40.00 ,100lbs @ $0.40/lb,,http://www.uky.edu/ccd/tools/budgets,,,,,,,
15,Mixed Fruits & Vegetables,Winter Squash,,,,1,,Annual,Preharvest,Input,Variable,K Fertilizer: Potash (0-0-60),,$24.00 ,80lbs @ $0.30/lb,,http://www.uky.edu/ccd/tools/budgets,,,,,,,
15,Mixed Fruits & Vegetables,Winter Squash,,,,1,,Annual,Preharvest,Input,Variable,N Fertilizer: Fertigation (Calcium Nitrate),,$69.30 ,154lbs @ $0.45/lb,,http://www.uky.edu/ccd/tools/budgets,,,,,,,
15,Mixed Fruits & Vegetables,Winter Squash,,,,1,,Annual,Preharvest,Input,Variable,Seed,,$120.00 ,2 lbs/acre * $60/lb,,http://www.uky.edu/ccd/tools/budgets,,,,,,,
15,Mixed Fruits & Vegetables,Winter Squash,,,,1,,Annual,Preharvest,Equipment,Variable,Black Plastic/Drip Lines,,$373.00 ,$373/acre,,http://www.uky.edu/ccd/tools/budgets,,,,,,,
15,Mixed Fruits & Vegetables,Winter Squash,,,,1,,Annual,Preharvest,Input,Variable,Herbicides,,$12.69 ,$12.69/acre,,http://www.uky.edu/ccd/tools/budgets,,,,,,,
15,Mixed Fruits & Vegetables,Winter Squash,,,,1,,Annual,Preharvest,Input,Variable,Insecticides,,$29.85 ,$29.85/acre,,http://www.uky.edu/ccd/tools/budgets,,,,,,,
15,Mixed Fruits & Vegetables,Winter Squash,,,,1,,Annual,Preharvest,Input,Variable,Fungicides,,$264.06 ,$246.06/acre,,http://www.uky.edu/ccd/tools/budgets,,,,,,,
15,Mixed Fruits & Vegetables,Winter Squash,,,,1,,Annual,Preharvest,Input,Variable,Pollination,,$75.00 ,$75.00/hive * 1 hive/acre,,http://www.uky.edu/ccd/tools/budgets,,,,,,,
15,Mixed Fruits & Vegetables,Winter Squash,,,,1,,Annual,Preharvest,Equipment,Variable,Machinery Variable Costs,,$43.61 ,$43.61/acre,,http://www.uky.edu/ccd/tools/budgets,,,,,,,
15,Mixed Fruits & Vegetables,Winter Squash,,,,1,,Annual,Harvest,Other,Variable,Boxes,,$525.00 ,375 boxes/acre * $1.40/box,,http://www.uky.edu/ccd/tools/budgets,,,,,,,
15,Mixed Fruits & Vegetables,Winter Squash,,,,1,20,Annual,Harvest,Labor,Variable,Plastic Disposal,10,$125.00 ,10 hrs/acre * $12.50/hr,,http://www.uky.edu/ccd/tools/budgets,,,,,,,
15,Mixed Fruits & Vegetables,Winter Squash,,,,1,,Annual,Harvest,Other,Variable,Plastic Disposal Fee,,$10.00 ,disposal fee assumed @ $10/acre,,http://www.uky.edu/ccd/tools/budgets,,,,,,,
15,Mixed Fruits & Vegetables,Winter Squash,,,,1,16,Annual,Harvest,Labor,Variable,Hired Labor (Harvesting/ Hauling/ Handling),10,$125.00 ,60 hours/acre * $12.50/hr   /6,,http://www.uky.edu/ccd/tools/budgets,,,,,,,
15,Mixed Fruits & Vegetables,Winter Squash,,,,1,17,Annual,Harvest,Labor,Variable,Hired Labor (Harvesting/ Hauling/ Handling),10,$125.00 ,60 hours/acre * $12.50/hr   /6,,http://www.uky.edu/ccd/tools/budgets,,,,,,,
15,Mixed Fruits & Vegetables,Winter Squash,,,,1,18,Annual,Harvest,Labor,Variable,Hired Labor (Harvesting/ Hauling/ Handling),10,$125.00 ,60 hours/acre * $12.50/hr   /6,,http://www.uky.edu/ccd/tools/budgets,,,,,,,
15,Mixed Fruits & Vegetables,Winter Squash,,,,1,19,Annual,Harvest,Labor,Variable,Hired Labor (Harvesting/ Hauling/ Handling),10,$125.00 ,60 hours/acre * $12.50/hr   /6,,http://www.uky.edu/ccd/tools/budgets,,,,,,,
15,Mixed Fruits & Vegetables,Winter Squash,,,,1,20,Annual,Harvest,Labor,Variable,Hired Labor (Harvesting/ Hauling/ Handling),10,$125.00 ,60 hours/acre * $12.50/hr   /6,,http://www.uky.edu/ccd/tools/budgets,,,,,,,
15,Mixed Fruits & Vegetables,Winter Squash,,,,1,21,Annual,Harvest,Labor,Variable,Hired Labor (Harvesting/ Hauling/ Handling),10,$125.00 ,60 hours/acre * $12.50/hr   /6,,http://www.uky.edu/ccd/tools/budgets,,,,,,,
15,Mixed Fruits & Vegetables,Winter Squash,,,,1,,Annual,Harvest,Other,Variable,Marketing Costs,,$450.00 ,assumed 10% gross,,http://www.uky.edu/ccd/tools/budgets,,,,,,,
15,Mixed Fruits & Vegetables,Winter Squash,,,,1,,Annual,Harvest,Other,Variable,Hauling Variable Costs,,$187.50 ,375 boxes/acre * $0.50/box for hauling,,http://www.uky.edu/ccd/tools/budgets,,,,,,,
15,Mixed Fruits & Vegetables,Winter Squash,,,,1,,Annual,Constant,Equipment,Fixed ,Machinery and Equipment ,,$68.99 ,calculations not provided,,http://www.uky.edu/ccd/tools/budgets,,,,,,,
15,Mixed Fruits & Vegetables,Winter Squash,,,,1,,Annual,Constant,Equipment,Fixed,Depreciation on Irrigation System,,$322.80 ,calculations not provided,,http://www.uky.edu/ccd/tools/budgets,,,,,,,
15,Mixed Fruits & Vegetables,Winter Squash,,,,1,,Annual,Constant,Other,Fixed,Taxes on Land ,,$5.00 ,calculations not provided,,http://www.uky.edu/ccd/tools/budgets,,,,,,,
15,Mixed Fruits & Vegetables,Winter Squash,,,,1,,Annual,Constant,Other,Fixed,Insurance ,,$37.52 ,calculations not provided,,http://www.uky.edu/ccd/tools/budgets,,,,,,,
15,Mixed Fruits & Vegetables,Winter Squash,,,,1,,Annual,Preharvest,Labor,Variable,Operator and Unpaid Family Labor,15,$225.00 ,15 hrs/acre * $15/hr,,http://www.uky.edu/ccd/tools/budgets,,,,,,,
15,Mixed Fruits & Vegetables,Strawberries,,,,0,,Every 3 Years,Establishment,Input,Variable,Seed-cover crop,,$45.00 ,75 lbs/acre * $0.60/lb,,http://www.extension.iastate.edu/agdm/decisionaidscd.html,,,,,,,
15,Mixed Fruits & Vegetables,Strawberries,,,,0,,Every 3 Years,Establishment,Input,Variable,Plants,,$500.00 ,5000 plants * ($100/1000 plants),,http://www.extension.iastate.edu/agdm/decisionaidscd.html,,,,,,,
15,Mixed Fruits & Vegetables,Strawberries,,,,0,,Every 3 Years,Establishment,Input,Variable,Fertilization,,$45.00 ,300 lbs/acre * $0.15/lb,,http://www.extension.iastate.edu/agdm/decisionaidscd.html,,,,,,,
15,Mixed Fruits & Vegetables,Strawberries,,,,0,,Every 3 Years,Establishment,Input,Variable,Straw mulch,,$315.00 ,7 large round bales * $45/bale,,http://www.extension.iastate.edu/agdm/decisionaidscd.html,,,,,,,
15,Mixed Fruits & Vegetables,Strawberries,,,,0,?,Every 3 Years,Establishment,Labor,Variable,Labor - Cover crop ,3,$30.00 ,3 hrs/acre * $10/hr,,http://www.extension.iastate.edu/agdm/decisionaidscd.html,,,,,,,
15,Mixed Fruits & Vegetables,Strawberries,,,,0,14,Every 3 Years,Establishment,Labor,Variable,Labor - Land preparation - trench,1,$10.00 ,1 hrs/acre * $10/hr,,http://www.extension.iastate.edu/agdm/decisionaidscd.html,,,,,,,
15,Mixed Fruits & Vegetables,Strawberries,,,,0,8,Every 3 Years,Establishment,Labor,Variable,Labor - Fertilizer spreading,0.17,$1.67 ,1 hrs/acre * $10/hr     /6,,http://www.extension.iastate.edu/agdm/decisionaidscd.html,,,,,,,
15,Mixed Fruits & Vegetables,Strawberries,,,,0,9,Every 3 Years,Establishment,Labor,Variable,Labor - Fertilizer spreading,0.17,$1.67 ,1 hrs/acre * $10/hr     /6,,http://www.extension.iastate.edu/agdm/decisionaidscd.html,,,,,,,
15,Mixed Fruits & Vegetables,Strawberries,,,,0,10,Every 3 Years,Establishment,Labor,Variable,Labor - Fertilizer spreading,0.17,$1.67 ,1 hrs/acre * $10/hr     /6,,http://www.extension.iastate.edu/agdm/decisionaidscd.html,,,,,,,
15,Mixed Fruits & Vegetables,Strawberries,,,,0,11,Every 3 Years,Establishment,Labor,Variable,Labor - Fertilizer spreading,0.17,$1.67 ,1 hrs/acre * $10/hr     /6,,http://www.extension.iastate.edu/agdm/decisionaidscd.html,,,,,,,
15,Mixed Fruits & Vegetables,Strawberries,,,,0,16,Every 3 Years,Establishment,Labor,Variable,Labor - Fertilizer spreading,0.33,$3.33 ,2 hrs/acre * $10/hr     /3,,http://www.extension.iastate.edu/agdm/decisionaidscd.html,,,,,,,
15,Mixed Fruits & Vegetables,Strawberries,,,,0,15?,Every 3 Years,Establishment,Labor,Variable,Labor - Transplanting,18,$180.00 ,18 hrs/acre * $10/hr,,http://www.extension.iastate.edu/agdm/decisionaidscd.html,,,,,,,
15,Mixed Fruits & Vegetables,Strawberries,,,,0,8,Every 3 Years,Establishment,Labor,Variable,Labor - Hand Hoeing,45,$450.00 ,90 hrs/acre * $10/hr    /2,,http://www.extension.iastate.edu/agdm/decisionaidscd.html,,,,,,,
15,Mixed Fruits & Vegetables,Strawberries,,,,0,9,Every 3 Years,Establishment,Labor,Variable,Labor - Hand Hoeing,45,$450.00 ,90 hrs/acre * $10/hr    /2,,http://www.extension.iastate.edu/agdm/decisionaidscd.html,,,,,,,
15,Mixed Fruits & Vegetables,Strawberries,,,,0,9,Every 3 Years,Establishment,Labor,Variable,Labor - Pull off blossoms,0.5,$5.00 ,2 hrs/acre * $10/hr     /4,,http://www.extension.iastate.edu/agdm/decisionaidscd.html,,,,,,,
15,Mixed Fruits & Vegetables,Strawberries,,,,0,10,Every 3 Years,Establishment,Labor,Variable,Labor - Pull off blossoms,0.5,$5.00 ,2 hrs/acre * $10/hr     /4,,http://www.extension.iastate.edu/agdm/decisionaidscd.html,,,,,,,
15,Mixed Fruits & Vegetables,Strawberries,,,,0,11,Every 3 Years,Establishment,Labor,Variable,Labor - Pull off blossoms,0.5,$5.00 ,2 hrs/acre * $10/hr     /4,,http://www.extension.iastate.edu/agdm/decisionaidscd.html,,,,,,,
15,Mixed Fruits & Vegetables,Strawberries,,,,0,12,Every 3 Years,Establishment,Labor,Variable,Labor - Pull off blossoms,0.5,$5.00 ,2 hrs/acre * $10/hr     /4,,http://www.extension.iastate.edu/agdm/decisionaidscd.html,,,,,,,
15,Mixed Fruits & Vegetables,Strawberries,,,,0,20,Every 3 Years,Establishment,Labor,Variable,Labor - Mulching,8,$80.00 ,16 hrs/acre * $10/hr        /2,,http://www.extension.iastate.edu/agdm/decisionaidscd.html,,,,,,,
15,Mixed Fruits & Vegetables,Strawberries,,,,0,21,Every 3 Years,Establishment,Labor,Variable,Labor - Mulching,8,$80.00 ,16 hrs/acre * $10/hr        /2,,http://www.extension.iastate.edu/agdm/decisionaidscd.html,,,,,,,
15,Mixed Fruits & Vegetables,Strawberries,,,,0,9,Every 3 Years,Establishment,Labor,Variable,Labor - Irrigation set up,2,$20.00 ,4 hrs/acre * $10/hr          /2,,http://www.extension.iastate.edu/agdm/decisionaidscd.html,,,,,,,
15,Mixed Fruits & Vegetables,Strawberries,,,,0,21,Every 3 Years,Establishment,Labor,Variable,Labor - Irrigation set up,2,$20.00 ,4 hrs/acre * $10/hr          /2,,http://www.extension.iastate.edu/agdm/decisionaidscd.html,,,,,,,
15,Mixed Fruits & Vegetables,Strawberries,,,,1,,Annual,Preharvest,Input,Variable,Fertilization,,$45.00 ,300 lbs/acre * $0.15/lb,,http://www.extension.iastate.edu/agdm/decisionaidscd.html,,,,,,,
15,Mixed Fruits & Vegetables,Strawberries,,,,2,,Annual,Preharvest,Input,Variable,Fertilization,,$45.00 ,300 lbs/acre * $0.15/lb,,http://www.extension.iastate.edu/agdm/decisionaidscd.html,,,,,,,
15,Mixed Fruits & Vegetables,Strawberries,,,,3,,Annual,Preharvest,Input,Variable,Fertilization,,$45.00 ,300 lbs/acre * $0.15/lb,,http://www.extension.iastate.edu/agdm/decisionaidscd.html,,,,,,,
15,Mixed Fruits & Vegetables,Strawberries,,,,1,,Annual,Preharvest,Input,Variable,Straw Mulch,,$315.00 ,7 large round bales * $45/bale,,http://www.extension.iastate.edu/agdm/decisionaidscd.html,,,,,,,
15,Mixed Fruits & Vegetables,Strawberries,,,,2,,Annual,Preharvest,Input,Variable,Straw Mulch,,$315.00 ,7 large round bales * $45/bale,,http://www.extension.iastate.edu/agdm/decisionaidscd.html,,,,,,,
15,Mixed Fruits & Vegetables,Strawberries,,,,3,,Annual,Preharvest,Input,Variable,Straw Mulch,,$315.00 ,7 large round bales * $45/bale,,http://www.extension.iastate.edu/agdm/decisionaidscd.html,,,,,,,
15,Mixed Fruits & Vegetables,Strawberries,,,,1,8,Annual,Preharvest,Labor,Variable,Labor - Remove Mulch,8,$80.00 ,8 hrs/acre * $10/hr,,http://www.extension.iastate.edu/agdm/decisionaidscd.html,,,,,,,
15,Mixed Fruits & Vegetables,Strawberries,,,,2,8,Annual,Preharvest,Labor,Variable,Labor - Remove Mulch,8,$80.00 ,8 hrs/acre * $10/hr,,http://www.extension.iastate.edu/agdm/decisionaidscd.html,,,,,,,
15,Mixed Fruits & Vegetables,Strawberries,,,,3,8,Annual,Preharvest,Labor,Variable,Labor - Remove Mulch,8,$80.00 ,8 hrs/acre * $10/hr,,http://www.extension.iastate.edu/agdm/decisionaidscd.html,,,,,,,
15,Mixed Fruits & Vegetables,Strawberries,,,,1,8,Annual,Preharvest,Labor,Variable,Fertilizer Spreading,0.33,$3.33 ,1 hrs/acre * $10/hr     /3,,http://www.extension.iastate.edu/agdm/decisionaidscd.html,,,,,,,
15,Mixed Fruits & Vegetables,Strawberries,,,,2,8,Annual,Preharvest,Labor,Variable,Fertilizer Spreading,0.33,$3.33 ,1 hrs/acre * $10/hr     /3,,http://www.extension.iastate.edu/agdm/decisionaidscd.html,,,,,,,
15,Mixed Fruits & Vegetables,Strawberries,,,,3,8,Annual,Preharvest,Labor,Variable,Fertilizer Spreading,0.33,$3.33 ,1 hrs/acre * $10/hr     /3,,http://www.extension.iastate.edu/agdm/decisionaidscd.html,,,,,,,
15,Mixed Fruits & Vegetables,Strawberries,,,,1,9,Annual,Preharvest,Labor,Variable,Fertilizer Spreading,0.33,$3.33 ,1 hrs/acre * $10/hr     /3,,http://www.extension.iastate.edu/agdm/decisionaidscd.html,,,,,,,
15,Mixed Fruits & Vegetables,Strawberries,,,,2,9,Annual,Preharvest,Labor,Variable,Fertilizer Spreading,0.33,$3.33 ,1 hrs/acre * $10/hr     /3,,http://www.extension.iastate.edu/agdm/decisionaidscd.html,,,,,,,
15,Mixed Fruits & Vegetables,Strawberries,,,,3,9,Annual,Preharvest,Labor,Variable,Fertilizer Spreading,0.33,$3.33 ,1 hrs/acre * $10/hr     /3,,http://www.extension.iastate.edu/agdm/decisionaidscd.html,,,,,,,
15,Mixed Fruits & Vegetables,Strawberries,,,,1,16,Annual,Preharvest,Labor,Variable,Fertilizer Spreading,0.5,$5.00 ,1 hrs/acre * $10/hr    /2,,http://www.extension.iastate.edu/agdm/decisionaidscd.html,,,,,,,
15,Mixed Fruits & Vegetables,Strawberries,,,,2,16,Annual,Preharvest,Labor,Variable,Fertilizer Spreading,0.5,$5.00 ,1 hrs/acre * $10/hr    /2,,http://www.extension.iastate.edu/agdm/decisionaidscd.html,,,,,,,
15,Mixed Fruits & Vegetables,Strawberries,,,,3,16,Annual,Preharvest,Labor,Variable,Fertilizer Spreading,0.5,$5.00 ,1 hrs/acre * $10/hr    /2,,http://www.extension.iastate.edu/agdm/decisionaidscd.html,,,,,,,
15,Mixed Fruits & Vegetables,Strawberries,,,,1,8,Annual,Preharvest,Labor,Variable,Hand Hoeing,15,$150.00 ,30 hrs/acre * $10/hr       /2,,http://www.extension.iastate.edu/agdm/decisionaidscd.html,,,,,,,
15,Mixed Fruits & Vegetables,Strawberries,,,,2,8,Annual,Preharvest,Labor,Variable,Hand Hoeing,15,$150.00 ,30 hrs/acre * $10/hr       /2,,http://www.extension.iastate.edu/agdm/decisionaidscd.html,,,,,,,
15,Mixed Fruits & Vegetables,Strawberries,,,,3,8,Annual,Preharvest,Labor,Variable,Hand Hoeing,15,$150.00 ,30 hrs/acre * $10/hr       /2,,http://www.extension.iastate.edu/agdm/decisionaidscd.html,,,,,,,
15,Mixed Fruits & Vegetables,Strawberries,,,,1,9,Annual,Preharvest,Labor,Variable,Hand Hoeing,15,$150.00 ,30 hrs/acre * $10/hr       /2,,http://www.extension.iastate.edu/agdm/decisionaidscd.html,,,,,,,
15,Mixed Fruits & Vegetables,Strawberries,,,,2,9,Annual,Preharvest,Labor,Variable,Hand Hoeing,15,$150.00 ,30 hrs/acre * $10/hr       /2,,http://www.extension.iastate.edu/agdm/decisionaidscd.html,,,,,,,
15,Mixed Fruits & Vegetables,Strawberries,,,,3,9,Annual,Preharvest,Labor,Variable,Hand Hoeing,15,$150.00 ,30 hrs/acre * $10/hr       /2,,http://www.extension.iastate.edu/agdm/decisionaidscd.html,,,,,,,
15,Mixed Fruits & Vegetables,Strawberries,,,,1,8,Annual,Preharvest,Labor,Variable,Mowing,1,$10.00 ,1 hrs/acre * $10/hr,before fertilizer,http://www.extension.iastate.edu/agdm/decisionaidscd.html,,,,,,,
15,Mixed Fruits & Vegetables,Strawberries,,,,2,8,Annual,Preharvest,Labor,Variable,Mowing,1,$10.00 ,1 hrs/acre * $10/hr,,http://www.extension.iastate.edu/agdm/decisionaidscd.html,,,,,,,
15,Mixed Fruits & Vegetables,Strawberries,,,,3,8,Annual,Preharvest,Labor,Variable,Mowing,1,$10.00 ,1 hrs/acre * $10/hr,,http://www.extension.iastate.edu/agdm/decisionaidscd.html,,,,,,,
15,Mixed Fruits & Vegetables,Strawberries,,,,1,8,Annual,Preharvest,Labor,Variable,Renovation,2,$20.00 ,4 hrs/acre * $10/hr          /2,"Mow, then fertilize, then weeding (hand hoeing) and irrigation",http://www.extension.iastate.edu/agdm/decisionaidscd.html,,,,,,,
15,Mixed Fruits & Vegetables,Strawberries,,,,2,8,Annual,Preharvest,Labor,Variable,Renovation,2,$20.00 ,4 hrs/acre * $10/hr          /2,,http://www.extension.iastate.edu/agdm/decisionaidscd.html,,,,,,,
15,Mixed Fruits & Vegetables,Strawberries,,,,3,8,Annual,Preharvest,Labor,Variable,Renovation,2,$20.00 ,4 hrs/acre * $10/hr          /2,,http://www.extension.iastate.edu/agdm/decisionaidscd.html,,,,,,,
15,Mixed Fruits & Vegetables,Strawberries,,,,1,9,Annual,Preharvest,Labor,Variable,Renovation,2,$20.00 ,4 hrs/acre * $10/hr          /2,,http://www.extension.iastate.edu/agdm/decisionaidscd.html,,,,,,,
15,Mixed Fruits & Vegetables,Strawberries,,,,2,9,Annual,Preharvest,Labor,Variable,Renovation,2,$20.00 ,4 hrs/acre * $10/hr          /2,,http://www.extension.iastate.edu/agdm/decisionaidscd.html,,,,,,,
15,Mixed Fruits & Vegetables,Strawberries,,,,3,9,Annual,Preharvest,Labor,Variable,Renovation,2,$20.00 ,4 hrs/acre * $10/hr          /2,,http://www.extension.iastate.edu/agdm/decisionaidscd.html,,,,,,,
15,Mixed Fruits & Vegetables,Strawberries,,,,1,20,Annual,Preharvest,Labor,Variable,Mulching,8,$80.00 ,16 hrs/acre * $10/hr        /2,,http://www.extension.iastate.edu/agdm/decisionaidscd.html,,,,,,,
15,Mixed Fruits & Vegetables,Strawberries,,,,2,20,Annual,Preharvest,Labor,Variable,Mulching,8,$80.00 ,16 hrs/acre * $10/hr        /2,,http://www.extension.iastate.edu/agdm/decisionaidscd.html,,,,,,,
15,Mixed Fruits & Vegetables,Strawberries,,,,3,20,Annual,Preharvest,Labor,Variable,Mulching,8,$80.00 ,16 hrs/acre * $10/hr        /2,,http://www.extension.iastate.edu/agdm/decisionaidscd.html,,,,,,,
15,Mixed Fruits & Vegetables,Strawberries,,,,1,21,Annual,Preharvest,Labor,Variable,Mulching,8,$80.00 ,16 hrs/acre * $10/hr        /2,,http://www.extension.iastate.edu/agdm/decisionaidscd.html,,,,,,,
15,Mixed Fruits & Vegetables,Strawberries,,,,2,21,Annual,Preharvest,Labor,Variable,Mulching,8,$80.00 ,16 hrs/acre * $10/hr        /2,,http://www.extension.iastate.edu/agdm/decisionaidscd.html,,,,,,,
15,Mixed Fruits & Vegetables,Strawberries,,,,3,21,Annual,Preharvest,Labor,Variable,Mulching,8,$80.00 ,16 hrs/acre * $10/hr        /2,,http://www.extension.iastate.edu/agdm/decisionaidscd.html,,,,,,,
15,Mixed Fruits & Vegetables,Strawberries,,,,1,9,Annual,Preharvest,Labor,Variable,Irrigation Tear Down and Set Up,1,$10.00 ,2 hrs/acre * $10/hr          /2,,http://www.extension.iastate.edu/agdm/decisionaidscd.html,,,,,,,
15,Mixed Fruits & Vegetables,Strawberries,,,,2,9,Annual,Preharvest,Labor,Variable,Irrigation Tear Down and Set Up,1,$10.00 ,2 hrs/acre * $10/hr          /2,,http://www.extension.iastate.edu/agdm/decisionaidscd.html,,,,,,,
15,Mixed Fruits & Vegetables,Strawberries,,,,3,9,Annual,Preharvest,Labor,Variable,Irrigation Tear Down and Set Up,1,$10.00 ,2 hrs/acre * $10/hr          /2,,http://www.extension.iastate.edu/agdm/decisionaidscd.html,,,,,,,
15,Mixed Fruits & Vegetables,Strawberries,,,,1,21,Annual,Preharvest,Labor,Variable,Irrigation Tear Down and Set Up,1,$10.00 ,2 hrs/acre * $10/hr          /2,,http://www.extension.iastate.edu/agdm/decisionaidscd.html,,,,,,,
15,Mixed Fruits & Vegetables,Strawberries,,,,2,21,Annual,Preharvest,Labor,Variable,Irrigation Tear Down and Set Up,1,$10.00 ,2 hrs/acre * $10/hr          /2,,http://www.extension.iastate.edu/agdm/decisionaidscd.html,,,,,,,
15,Mixed Fruits & Vegetables,Strawberries,,,,3,21,Annual,Preharvest,Labor,Variable,Irrigation Tear Down and Set Up,1,$10.00 ,2 hrs/acre * $10/hr          /2,,http://www.extension.iastate.edu/agdm/decisionaidscd.html,,,,,,,
15,Mixed Fruits & Vegetables,Strawberries,,,,1,,Every 3 Years,Harvest,Equipment,Variable,Harvesting Containers,,$150.00 ,1000 containers/4000 qts * 4000 qts/acre * $0.15/container,,http://www.extension.iastate.edu/agdm/decisionaidscd.html,,,,,,,
15,Mixed Fruits & Vegetables,Strawberries,,,,1,,Every 3 Years,Harvest,Equipment,Variable,Harvest Trays for U-Pick,,$100.00 ,100 trays/4000 qts * 4000 qts/acre * $1.00/tray,,http://www.extension.iastate.edu/agdm/decisionaidscd.html,,,,,,,
15,Mixed Fruits & Vegetables,Strawberries,,,,1,,Every 3 Years,Harvest,Equipment,Variable,Harvest Labor - Pickers,,$750.00 ,1000 qts * $0.75/qt,,http://www.extension.iastate.edu/agdm/decisionaidscd.html,,,,,,,
15,Mixed Fruits & Vegetables,Strawberries,,,,2,,Every 3 Years,Harvest,Equipment,Variable,Harvesting Containers,,$150.00 ,1000 containers/3000 qts * 3000 qts/acre * $0.15/container,,http://www.extension.iastate.edu/agdm/decisionaidscd.html,,,,,,,
15,Mixed Fruits & Vegetables,Strawberries,,,,2,,Every 3 Years,Harvest,Equipment,Variable,Harvest Trays for U-Pick,,$75.00 ,75 trays/3000 qts * 3000 qts/acre * $1.00/tray,,http://www.extension.iastate.edu/agdm/decisionaidscd.html,,,,,,,
15,Mixed Fruits & Vegetables,Strawberries,,,,2,,Every 3 Years,Harvest,Equipment,Variable,Harvest Labor - Pickers,,$750.00 ,1000 qts * $0.75/qt,,http://www.extension.iastate.edu/agdm/decisionaidscd.html,,,,,,,
15,Mixed Fruits & Vegetables,Strawberries,,,,3,,Every 3 Years,Harvest,Equipment,Variable,Harvesting Containers,,$150.00 ,1000 containers/2000 qts * 2000 qts/acre * $0.15/container,,http://www.extension.iastate.edu/agdm/decisionaidscd.html,,,,,,,
15,Mixed Fruits & Vegetables,Strawberries,,,,3,,Every 3 Years,Harvest,Equipment,Variable,Harvest Trays for U-Pick,,$50.00 ,50 trays/2000 qts * 2000 qts/acre * $1.00/tray,,http://www.extension.iastate.edu/agdm/decisionaidscd.html,,,,,,,
15,Mixed Fruits & Vegetables,Strawberries,,,,3,,Every 3 Years,Harvest,Equipment,Variable,Harvest Labor - Pickers,,$750.00 ,1000 qts * $0.75/qt,,http://www.extension.iastate.edu/agdm/decisionaidscd.html,,,,,,,
15,Mixed Fruits & Vegetables,Strawberries,,,,1,,Annual,Constant,Equipment,Fixed,Ownership Costs - Irrigation System ,,$80.00 ,$80/acre,,http://www.extension.iastate.edu/agdm/decisionaidscd.html,,,,,,,
15,Mixed Fruits & Vegetables,Strawberries,,,,2,,Annual,Constant,Equipment,Fixed,Ownership Costs - Irrigation System ,,$80.00 ,$80/acre,,http://www.extension.iastate.edu/agdm/decisionaidscd.html,,,,,,,
15,Mixed Fruits & Vegetables,Strawberries,,,,3,,Annual,Constant,Equipment,Fixed,Ownership Costs - Irrigation System ,,$80.00 ,$80/acre,,http://www.extension.iastate.edu/agdm/decisionaidscd.html,,,,,,,
15,Mixed Fruits & Vegetables,Strawberries,,,,1,,Annual,Constant,Equipment,Fixed,Ownership Costs - Machinery ,,$500.00 ,$500/acre,,http://www.extension.iastate.edu/agdm/decisionaidscd.html,,,,,,,
15,Mixed Fruits & Vegetables,Strawberries,,,,2,,Annual,Constant,Equipment,Fixed,Ownership Costs - Machinery ,,$500.00 ,$500/acre,,http://www.extension.iastate.edu/agdm/decisionaidscd.html,,,,,,,
15,Mixed Fruits & Vegetables,Strawberries,,,,3,,Annual,Constant,Equipment,Fixed,Ownership Costs - Machinery ,,$500.00 ,$500/acre,,http://www.extension.iastate.edu/agdm/decisionaidscd.html,,,,,,,
15,Mixed Fruits & Vegetables,Strawberries,,,,1,,Annual,Constant,Other,Fixed,Ownership Costs - Land ,,$160.00 ,$160/acre,,http://www.extension.iastate.edu/agdm/decisionaidscd.html,,,,,,,
15,Mixed Fruits & Vegetables,Strawberries,,,,2,,Annual,Constant,Other,Fixed,Ownership Costs - Land ,,$160.00 ,$160/acre,,http://www.extension.iastate.edu/agdm/decisionaidscd.html,,,,,,,
15,Mixed Fruits & Vegetables,Strawberries,,,,3,,Annual,Constant,Other,Fixed,Ownership Costs - Land ,,$160.00 ,$160/acre,,http://www.extension.iastate.edu/agdm/decisionaidscd.html,,,,,,,
13,Short-rotation Woody Bioenergy,,,,,1,,Every 7 years,Establishment,Input,Variable,Aspen bare root stock (seedlings),,$133.26 ,890 seedlings/hectare => 360.17 seedlings/acre $0.37/seedling,,https://iopscience.iop.org/article/10.1088/1748-9326/8/3/035037,,,,,,,
13,Short-rotation Woody Bioenergy,,,,,1,16-19,Every 7 years,Establishment,Custom,Variable,Tree planting,,$195.00 ,$481.85/hectare => $195.00/acre,,https://iopscience.iop.org/article/10.1088/1748-9326/8/3/035038,,,,,,,
13,Short-rotation Woody Bioenergy,,,,,1,,Every 7 years,Establishment,Equipment,Fixed,Mowing - Machinery Only,,$21.50 ,Based on mower-conditioner  - equipment component only x2 cuts,,https://iopscience.iop.org/article/10.1088/1748-9326/8/3/035039,,,,,,,
13,Short-rotation Woody Bioenergy,,,,,1,12,Every 7 years,Establishment,Labor,Variable,Mowing - Labor Only,0.074,$1.73 ,"Based on mower-conditioner  - consider reevaluting for Iowa custom rates $11.7/hr, 0.148 hrs/acre, cut 1",,https://iopscience.iop.org/article/10.1088/1748-9326/8/3/035040,,,,,,,
13,Short-rotation Woody Bioenergy,,,,,1,18,Every 7 years,Establishment,Labor,Variable,Mowing - Labor Only,0.074,$1.73 ,"Based on mower-conditioner  - consider reevaluting for Iowa custom rates $11.7/hr, 0.148 hrs/acre, cut 2",,https://iopscience.iop.org/article/10.1088/1748-9326/8/3/035041,,,,,,,
13,Short-rotation Woody Bioenergy,,,,,1,,Annual,Preharvest,Input,Variable,Fertilizer - N,,$19.40 ,34kg/hectare => 13.76kg/acre    @ $1.39/kg,,https://iopscience.iop.org/article/10.1088/1748-9326/8/3/035042,,,,,,,
13,Short-rotation Woody Bioenergy,,,,,2,,Annual,Preharvest,Input,Variable,Fertilizer - N,,$19.40 ,34kg/hectare => 13.76kg/acre    @ $1.39/kg,,https://iopscience.iop.org/article/10.1088/1748-9326/8/3/035043,,,,,,,
13,Short-rotation Woody Bioenergy,,,,,3,,Annual,Preharvest,Input,Variable,Fertilizer - N,,$19.40 ,34kg/hectare => 13.76kg/acre    @ $1.39/kg,,https://iopscience.iop.org/article/10.1088/1748-9326/8/3/035044,,,,,,,
13,Short-rotation Woody Bioenergy,,,,,4,,Annual,Preharvest,Input,Variable,Fertilizer - N,,$19.40 ,34kg/hectare => 13.76kg/acre    @ $1.39/kg,,https://iopscience.iop.org/article/10.1088/1748-9326/8/3/035045,,,,,,,
13,Short-rotation Woody Bioenergy,,,,,5,,Annual,Preharvest,Input,Variable,Fertilizer - N,,$19.40 ,34kg/hectare => 13.76kg/acre    @ $1.39/kg,,https://iopscience.iop.org/article/10.1088/1748-9326/8/3/035046,,,,,,,
13,Short-rotation Woody Bioenergy,,,,,6,,Annual,Preharvest,Input,Variable,Fertilizer - N,,$19.40 ,34kg/hectare => 13.76kg/acre    @ $1.39/kg,,https://iopscience.iop.org/article/10.1088/1748-9326/8/3/035047,,,,,,,
13,Short-rotation Woody Bioenergy,,,,,7,,Annual,Preharvest,Input,Variable,Fertilizer - N,,$19.40 ,34kg/hectare => 13.76kg/acre    @ $1.39/kg,,https://iopscience.iop.org/article/10.1088/1748-9326/8/3/035048,,,,,,,
13,Short-rotation Woody Bioenergy,,,,,1,,Annual,Preharvest,Equipment,Variable,Bulk fertilizer spreader - N - Machinery Only,,$3.50 ,1 application @  $8.65/hectare  =>  $3.5/acre,,https://iopscience.iop.org/article/10.1088/1748-9326/8/3/035049,,,,,,,
13,Short-rotation Woody Bioenergy,,,,,2,,Annual,Preharvest,Equipment,Variable,Bulk fertilizer spreader - N - Machinery Only,,$3.50 ,1 application @  $8.65/hectare  =>  $3.5/acre,,https://iopscience.iop.org/article/10.1088/1748-9326/8/3/035050,,,,,,,
13,Short-rotation Woody Bioenergy,,,,,3,,Annual,Preharvest,Equipment,Variable,Bulk fertilizer spreader - N - Machinery Only,,$3.50 ,1 application @  $8.65/hectare  =>  $3.5/acre,,https://iopscience.iop.org/article/10.1088/1748-9326/8/3/035051,,,,,,,
13,Short-rotation Woody Bioenergy,,,,,4,,Annual,Preharvest,Equipment,Variable,Bulk fertilizer spreader - N - Machinery Only,,$3.50 ,1 application @  $8.65/hectare  =>  $3.5/acre,,https://iopscience.iop.org/article/10.1088/1748-9326/8/3/035052,,,,,,,
13,Short-rotation Woody Bioenergy,,,,,5,,Annual,Preharvest,Equipment,Variable,Bulk fertilizer spreader - N - Machinery Only,,$3.50 ,1 application @  $8.65/hectare  =>  $3.5/acre,,https://iopscience.iop.org/article/10.1088/1748-9326/8/3/035053,,,,,,,
13,Short-rotation Woody Bioenergy,,,,,6,,Annual,Preharvest,Equipment,Variable,Bulk fertilizer spreader - N - Machinery Only,,$3.50 ,1 application @  $8.65/hectare  =>  $3.5/acre,,https://iopscience.iop.org/article/10.1088/1748-9326/8/3/035054,,,,,,,
13,Short-rotation Woody Bioenergy,,,,,7,,Annual,Preharvest,Equipment,Variable,Bulk fertilizer spreader - N - Machinery Only,,$3.50 ,1 application @  $8.65/hectare  =>  $3.5/acre,,https://iopscience.iop.org/article/10.1088/1748-9326/8/3/035055,,,,,,,
13,Short-rotation Woody Bioenergy,,,,,1,9,Annual,Preharvest,Labor,Variable,Bulk fertilizer spreader - N - Labor Only,0.061098266,$0.71 ,1 application @  $8.65/hectare  =>  $3.5/acre,,https://iopscience.iop.org/article/10.1088/1748-9326/8/3/035056,,,,,,,
13,Short-rotation Woody Bioenergy,,,,,2,9,Annual,Preharvest,Labor,Variable,Bulk fertilizer spreader - N - Labor Only,0.061098266,$0.71 ,1 application @  $8.65/hectare  =>  $3.5/acre,,https://iopscience.iop.org/article/10.1088/1748-9326/8/3/035057,,,,,,,
13,Short-rotation Woody Bioenergy,,,,,3,9,Annual,Preharvest,Labor,Variable,Bulk fertilizer spreader - N - Labor Only,0.061098266,$0.71 ,1 application @  $8.65/hectare  =>  $3.5/acre,,https://iopscience.iop.org/article/10.1088/1748-9326/8/3/035058,,,,,,,
13,Short-rotation Woody Bioenergy,,,,,4,9,Annual,Preharvest,Labor,Variable,Bulk fertilizer spreader - N - Labor Only,0.061098266,$0.71 ,1 application @  $8.65/hectare  =>  $3.5/acre,,https://iopscience.iop.org/article/10.1088/1748-9326/8/3/035059,,,,,,,
13,Short-rotation Woody Bioenergy,,,,,5,9,Annual,Preharvest,Labor,Variable,Bulk fertilizer spreader - N - Labor Only,0.061098266,$0.71 ,1 application @  $8.65/hectare  =>  $3.5/acre,,https://iopscience.iop.org/article/10.1088/1748-9326/8/3/035060,,,,,,,
13,Short-rotation Woody Bioenergy,,,,,6,9,Annual,Preharvest,Labor,Variable,Bulk fertilizer spreader - N - Labor Only,0.061098266,$0.71 ,1 application @  $8.65/hectare  =>  $3.5/acre,,https://iopscience.iop.org/article/10.1088/1748-9326/8/3/035061,,,,,,,
13,Short-rotation Woody Bioenergy,,,,,7,9,Annual,Preharvest,Labor,Variable,Bulk fertilizer spreader - N - Labor Only,0.061098266,$0.71 ,1 application @  $8.65/hectare  =>  $3.5/acre,,https://iopscience.iop.org/article/10.1088/1748-9326/8/3/035062,,,,,,,
13,Short-rotation Woody Bioenergy,,,,,1,,Annual,Constant,Other,Fixed,Land Rent,,$230.00 ,Annual rent rate $568.33/ha => $230 acre (Was 158.9?0),,https://iopscience.iop.org/article/10.1088/1748-9326/8/3/035063,,,,,,,
13,Short-rotation Woody Bioenergy,,,,,2,,Annual,Constant,Other,Fixed,Land Rent,,$230.00 ,Annual rent rate,,https://iopscience.iop.org/article/10.1088/1748-9326/8/3/035064,,,,,,,
13,Short-rotation Woody Bioenergy,,,,,3,,Annual,Constant,Other,Fixed,Land Rent,,$230.00 ,Annual rent rate,,https://iopscience.iop.org/article/10.1088/1748-9326/8/3/035065,,,,,,,
13,Short-rotation Woody Bioenergy,,,,,4,,Annual,Constant,Other,Fixed,Land Rent,,$230.00 ,Annual rent rate,,https://iopscience.iop.org/article/10.1088/1748-9326/8/3/035066,,,,,,,
13,Short-rotation Woody Bioenergy,,,,,5,,Annual,Constant,Other,Fixed,Land Rent,,$230.00 ,Annual rent rate,,https://iopscience.iop.org/article/10.1088/1748-9326/8/3/035067,,,,,,,
13,Short-rotation Woody Bioenergy,,,,,6,,Annual,Constant,Other,Fixed,Land Rent,,$230.00 ,Annual rent rate,,https://iopscience.iop.org/article/10.1088/1748-9326/8/3/035068,,,,,,,
13,Short-rotation Woody Bioenergy,,,,,7,,Annual,Constant,Other,Fixed,Land Rent,,$230.00 ,Annual rent rate,,https://iopscience.iop.org/article/10.1088/1748-9326/8/3/035069,,,,,,,
13,Short-rotation Woody Bioenergy,,,,,2,,Annual years 2-7,Preharvest,Input,Variable,Fertilizer - Phosphorus,,$31.50 ,56kg/hectare => 22.66kg/acre    @ $1.39/kg,,https://iopscience.iop.org/article/10.1088/1748-9326/8/3/035070,,,,,,,
13,Short-rotation Woody Bioenergy,,,,,3,,Annual years 2-7,Preharvest,Input,Variable,Fertilizer - Phosphorus,,$31.50 ,56kg/hectare => 22.66kg/acre    @ $1.39/kg,,https://iopscience.iop.org/article/10.1088/1748-9326/8/3/035071,,,,,,,
13,Short-rotation Woody Bioenergy,,,,,4,,Annual years 2-7,Preharvest,Input,Variable,Fertilizer - Phosphorus,,$31.50 ,56kg/hectare => 22.66kg/acre    @ $1.39/kg,,https://iopscience.iop.org/article/10.1088/1748-9326/8/3/035072,,,,,,,
13,Short-rotation Woody Bioenergy,,,,,5,,Annual years 2-7,Preharvest,Input,Variable,Fertilizer - Phosphorus,,$31.50 ,56kg/hectare => 22.66kg/acre    @ $1.39/kg,,https://iopscience.iop.org/article/10.1088/1748-9326/8/3/035073,,,,,,,
13,Short-rotation Woody Bioenergy,,,,,6,,Annual years 2-7,Preharvest,Input,Variable,Fertilizer - Phosphorus,,$31.50 ,56kg/hectare => 22.66kg/acre    @ $1.39/kg,,https://iopscience.iop.org/article/10.1088/1748-9326/8/3/035074,,,,,,,
13,Short-rotation Woody Bioenergy,,,,,7,,Annual years 2-7,Preharvest,Input,Variable,Fertilizer - Phosphorus,,$31.50 ,56kg/hectare => 22.66kg/acre    @ $1.39/kg,,https://iopscience.iop.org/article/10.1088/1748-9326/8/3/035075,,,,,,,
13,Short-rotation Woody Bioenergy,,,,,2,,Annual years 2-7,Preharvest,Input,Variable,Fertilizer - Potassium,,$54.84 ,112kg/hectare => 45.32kg/acre    @ $1.21/kg,,https://iopscience.iop.org/article/10.1088/1748-9326/8/3/035076,,,,,,,
13,Short-rotation Woody Bioenergy,,,,,3,,Annual years 2-7,Preharvest,Input,Variable,Fertilizer - Potassium,,$54.84 ,112kg/hectare => 45.32kg/acre    @ $1.21/kg,,https://iopscience.iop.org/article/10.1088/1748-9326/8/3/035077,,,,,,,
13,Short-rotation Woody Bioenergy,,,,,4,,Annual years 2-7,Preharvest,Input,Variable,Fertilizer - Potassium,,$54.84 ,112kg/hectare => 45.32kg/acre    @ $1.21/kg,,https://iopscience.iop.org/article/10.1088/1748-9326/8/3/035078,,,,,,,
13,Short-rotation Woody Bioenergy,,,,,5,,Annual years 2-7,Preharvest,Input,Variable,Fertilizer - Potassium,,$54.84 ,112kg/hectare => 45.32kg/acre    @ $1.21/kg,,https://iopscience.iop.org/article/10.1088/1748-9326/8/3/035079,,,,,,,
13,Short-rotation Woody Bioenergy,,,,,6,,Annual years 2-7,Preharvest,Input,Variable,Fertilizer - Potassium,,$54.84 ,112kg/hectare => 45.32kg/acre    @ $1.21/kg,,https://iopscience.iop.org/article/10.1088/1748-9326/8/3/035080,,,,,,,
13,Short-rotation Woody Bioenergy,,,,,7,,Annual years 2-7,Preharvest,Input,Variable,Fertilizer - Potassium,,$54.84 ,112kg/hectare => 45.32kg/acre    @ $1.21/kg,,https://iopscience.iop.org/article/10.1088/1748-9326/8/3/035081,,,,,,,
13,Short-rotation Woody Bioenergy,,,,,2,,Annual years 2-7,Preharvest,Equipment,Variable,Bulk fertilizer spreader - Phosphorus - Machinery Only,,$3.50 ,1 application @           $8.65/hectare  =>  $3.5/acre,,https://iopscience.iop.org/article/10.1088/1748-9326/8/3/035082,,,,,,,
13,Short-rotation Woody Bioenergy,,,,,3,,Annual years 2-7,Preharvest,Equipment,Variable,Bulk fertilizer spreader - Phosphorus - Machinery Only,,$3.50 ,1 application @           $8.65/hectare  =>  $3.5/acre,,https://iopscience.iop.org/article/10.1088/1748-9326/8/3/035083,,,,,,,
13,Short-rotation Woody Bioenergy,,,,,4,,Annual years 2-7,Preharvest,Equipment,Variable,Bulk fertilizer spreader - Phosphorus - Machinery Only,,$3.50 ,1 application @           $8.65/hectare  =>  $3.5/acre,,https://iopscience.iop.org/article/10.1088/1748-9326/8/3/035084,,,,,,,
13,Short-rotation Woody Bioenergy,,,,,5,,Annual years 2-7,Preharvest,Equipment,Variable,Bulk fertilizer spreader - Phosphorus - Machinery Only,,$3.50 ,1 application @           $8.65/hectare  =>  $3.5/acre,,https://iopscience.iop.org/article/10.1088/1748-9326/8/3/035085,,,,,,,
13,Short-rotation Woody Bioenergy,,,,,6,,Annual years 2-7,Preharvest,Equipment,Variable,Bulk fertilizer spreader - Phosphorus - Machinery Only,,$3.50 ,1 application @           $8.65/hectare  =>  $3.5/acre,,https://iopscience.iop.org/article/10.1088/1748-9326/8/3/035086,,,,,,,
13,Short-rotation Woody Bioenergy,,,,,7,,Annual years 2-7,Preharvest,Equipment,Variable,Bulk fertilizer spreader - Phosphorus - Machinery Only,,$3.50 ,1 application @           $8.65/hectare  =>  $3.5/acre,,https://iopscience.iop.org/article/10.1088/1748-9326/8/3/035087,,,,,,,
13,Short-rotation Woody Bioenergy,,,,,2,9,Annual years 2-7,Preharvest,Labor,Variable,Bulk fertilizer spreader - Phosphorus - Labor Only,0.061098266,$0.71 ,1 application @           0.151 hr/hectare  =>  0.0611 hr/acre @  $11.70/hr,,https://iopscience.iop.org/article/10.1088/1748-9326/8/3/035088,,,,,,,
13,Short-rotation Woody Bioenergy,,,,,3,9,Annual years 2-7,Preharvest,Labor,Variable,Bulk fertilizer spreader - Phosphorus - Labor Only,0.061098266,$0.71 ,1 application @           0.151 hr/hectare  =>  0.0611 hr/acre @  $11.70/hr,,https://iopscience.iop.org/article/10.1088/1748-9326/8/3/035089,,,,,,,
13,Short-rotation Woody Bioenergy,,,,,4,9,Annual years 2-7,Preharvest,Labor,Variable,Bulk fertilizer spreader - Phosphorus - Labor Only,0.061098266,$0.71 ,1 application @           0.151 hr/hectare  =>  0.0611 hr/acre @  $11.70/hr,,https://iopscience.iop.org/article/10.1088/1748-9326/8/3/035090,,,,,,,
13,Short-rotation Woody Bioenergy,,,,,5,9,Annual years 2-7,Preharvest,Labor,Variable,Bulk fertilizer spreader - Phosphorus - Labor Only,0.061098266,$0.71 ,1 application @           0.151 hr/hectare  =>  0.0611 hr/acre @  $11.70/hr,,https://iopscience.iop.org/article/10.1088/1748-9326/8/3/035091,,,,,,,
13,Short-rotation Woody Bioenergy,,,,,6,9,Annual years 2-7,Preharvest,Labor,Variable,Bulk fertilizer spreader - Phosphorus - Labor Only,0.061098266,$0.71 ,1 application @           0.151 hr/hectare  =>  0.0611 hr/acre @  $11.70/hr,,https://iopscience.iop.org/article/10.1088/1748-9326/8/3/035092,,,,,,,
13,Short-rotation Woody Bioenergy,,,,,7,9,Annual years 2-7,Preharvest,Labor,Variable,Bulk fertilizer spreader - Phosphorus - Labor Only,0.061098266,$0.71 ,1 application @           0.151 hr/hectare  =>  0.0611 hr/acre @  $11.70/hr,,https://iopscience.iop.org/article/10.1088/1748-9326/8/3/035093,,,,,,,
13,Short-rotation Woody Bioenergy,,,,,2,,Annual years 2-7,Preharvest,Equipment,Variable,Bulk fertilizer spreader - Potassium - Machinery Only,,$3.50 ,1 application @           $8.65/hectare  =>  $3.5/acre,,https://iopscience.iop.org/article/10.1088/1748-9326/8/3/035094,,,,,,,
13,Short-rotation Woody Bioenergy,,,,,3,,Annual years 2-7,Preharvest,Equipment,Variable,Bulk fertilizer spreader - Potassium - Machinery Only,,$3.50 ,1 application @           $8.65/hectare  =>  $3.5/acre,,https://iopscience.iop.org/article/10.1088/1748-9326/8/3/035095,,,,,,,
13,Short-rotation Woody Bioenergy,,,,,4,,Annual years 2-7,Preharvest,Equipment,Variable,Bulk fertilizer spreader - Potassium - Machinery Only,,$3.50 ,1 application @           $8.65/hectare  =>  $3.5/acre,,https://iopscience.iop.org/article/10.1088/1748-9326/8/3/035096,,,,,,,
13,Short-rotation Woody Bioenergy,,,,,5,,Annual years 2-7,Preharvest,Equipment,Variable,Bulk fertilizer spreader - Potassium - Machinery Only,,$3.50 ,1 application @           $8.65/hectare  =>  $3.5/acre,,https://iopscience.iop.org/article/10.1088/1748-9326/8/3/035097,,,,,,,
13,Short-rotation Woody Bioenergy,,,,,6,,Annual years 2-7,Preharvest,Equipment,Variable,Bulk fertilizer spreader - Potassium - Machinery Only,,$3.50 ,1 application @           $8.65/hectare  =>  $3.5/acre,,https://iopscience.iop.org/article/10.1088/1748-9326/8/3/035098,,,,,,,
13,Short-rotation Woody Bioenergy,,,,,7,,Annual years 2-7,Preharvest,Equipment,Variable,Bulk fertilizer spreader - Potassium - Machinery Only,,$3.50 ,1 application @           $8.65/hectare  =>  $3.5/acre,,https://iopscience.iop.org/article/10.1088/1748-9326/8/3/035099,,,,,,,
13,Short-rotation Woody Bioenergy,,,,,2,9,Annual years 2-7,Preharvest,Labor,Variable,Bulk fertilizer spreader - Potassium - Labor Only,0.061098266,$0.71 ,1 application @           0.151 hr/hectare  =>  0.0611 hr/acre @  $11.70/hr ,,https://iopscience.iop.org/article/10.1088/1748-9326/8/3/035100,,,,,,,
13,Short-rotation Woody Bioenergy,,,,,3,9,Annual years 2-7,Preharvest,Labor,Variable,Bulk fertilizer spreader - Potassium - Labor Only,0.061098266,$0.71 ,1 application @           0.151 hr/hectare  =>  0.0611 hr/acre @  $11.70/hr,,https://iopscience.iop.org/article/10.1088/1748-9326/8/3/035101,,,,,,,
13,Short-rotation Woody Bioenergy,,,,,4,9,Annual years 2-7,Preharvest,Labor,Variable,Bulk fertilizer spreader - Potassium - Labor Only,0.061098266,$0.71 ,1 application @           0.151 hr/hectare  =>  0.0611 hr/acre @  $11.70/hr,,https://iopscience.iop.org/article/10.1088/1748-9326/8/3/035102,,,,,,,
13,Short-rotation Woody Bioenergy,,,,,5,9,Annual years 2-7,Preharvest,Labor,Variable,Bulk fertilizer spreader - Potassium - Labor Only,0.061098266,$0.71 ,1 application @           0.151 hr/hectare  =>  0.0611 hr/acre @  $11.70/hr,,https://iopscience.iop.org/article/10.1088/1748-9326/8/3/035103,,,,,,,
13,Short-rotation Woody Bioenergy,,,,,6,9,Annual years 2-7,Preharvest,Labor,Variable,Bulk fertilizer spreader - Potassium - Labor Only,0.061098266,$0.71 ,1 application @           0.151 hr/hectare  =>  0.0611 hr/acre @  $11.70/hr,,https://iopscience.iop.org/article/10.1088/1748-9326/8/3/035104,,,,,,,
13,Short-rotation Woody Bioenergy,,,,,7,9,Annual years 2-7,Preharvest,Labor,Variable,Bulk fertilizer spreader - Potassium - Labor Only,0.061098266,$0.71 ,1 application @           0.151 hr/hectare  =>  0.0611 hr/acre @  $11.70/hr,,https://iopscience.iop.org/article/10.1088/1748-9326/8/3/035105,,,,,,,
13,Short-rotation Woody Bioenergy,,,,,7,june/july,Every 7 years,Harvest,Custom,Variable,Feller buncher/forwarder,,$259.75 ,$28.67/dry Mg @ 9.06 Mg/acre      ***Verify Dry vs Wet,,https://iopscience.iop.org/article/10.1088/1748-9326/8/3/035106,,,,,,,
13,Short-rotation Woody Bioenergy,,,,,7,,Every 7 years,Harvest,Custom,Variable,Staging (gathering biomass for transport),,$60.88 ,$6.72/Mg @ 9.06 Mg/acre,,https://iopscience.iop.org/article/10.1088/1748-9326/8/3/035107,,,,,,,
13,Short-rotation Woody Bioenergy,,,,,7,,Every 7 years,Harvest,Custom,Variable,Wood chipping,,$119.86 ,$13.23/Mg @ 9.06 dry Mg/acre,,https://iopscience.iop.org/article/10.1088/1748-9326/8/3/035108,,,,,,,
14,Wetland,,,,,1,0,Every 50 years,Establishment,Custom,,Design cost,,$647.50 ,,,,,,,,,,
14,Wetland,,,,,1,0,Every 50 years,Establishment,Custom,,Contract fees,,$313.50 ,,,,,,,,,,
14,Wetland,,,,,1,,Every 50 years,Establishment,Custom,,Seeding buffer,,$7.12 ,$22.61/hectare   =>   $9.15/acre     $19.15per acre to seed ,,,,,,,,,
14,Wetland,,,,,1,,Every 50 years,Establishment,Input,,Seed cost,,$468.07 ,"medium cost, per range cited in source",,,,,,,,,
14,Wetland,,,,,1,,Every 50 years,Establishment,Equipment,,Weir plate,,$600.00 ,$30/sqft for 40ft x 5ft sheet pile plate Assumes 1 per 10 acre wetland/grass buffer block,,,,,,,,,
14,Wetland,,,,,1,,Every 50 years,Establishment,Equipment,,Control structure,,$212.75 ,"medium cost, per range cited in source",,,,,,,,,
14,Wetland,,,,,1,,Every 50 years,Establishment,Other,,Land acquisition,,$543.33 ,"raw cost for 10 acres (assumes $13,426 per hectare  =>  $5433.32/acre)",,,,,,,,,
14,Wetland,,,,,1,11,Annual,Constant,Custom,,Time to manage,,$142.47 ,Spot mowing 10% of buffer area @ 74.13/hectare treated,,,,,,,,,
14,Wetland,,,,,2,11,Annual,Constant,Custom,,Time to manage,,$142.47 ,Spot mowing 10% of buffer area @ 74.13/hectare treated,,,,,,,,,
14,Wetland,,,,,3,11,Annual,Constant,Custom,,Time to manage,,$142.47 ,Spot mowing 10% of buffer area @ 74.13/hectare treated,,,,,,,,,
14,Wetland,,,,,4,11,Annual,Constant,Custom,,Time to manage,,$142.47 ,Spot mowing 10% of buffer area @ 74.13/hectare treated,,,,,,,,,
14,Wetland,,,,,5,11,Annual,Constant,Custom,,Time to manage,,$142.47 ,Spot mowing 10% of buffer area @ 74.13/hectare treated,,,,,,,,,
14,Wetland,,,,,6,11,Annual,Constant,Custom,,Time to manage,,$142.47 ,Spot mowing 10% of buffer area @ 74.13/hectare treated,,,,,,,,,
14,Wetland,,,,,7,11,Annual,Constant,Custom,,Time to manage,,$142.47 ,Spot mowing 10% of buffer area @ 74.13/hectare treated,,,,,,,,,
14,Wetland,,,,,8,11,Annual,Constant,Custom,,Time to manage,,$142.47 ,Spot mowing 10% of buffer area @ 74.13/hectare treated,,,,,,,,,
14,Wetland,,,,,9,11,Annual,Constant,Custom,,Time to manage,,$142.47 ,Spot mowing 10% of buffer area @ 74.13/hectare treated,,,,,,,,,
14,Wetland,,,,,10,11,Annual,Constant,Custom,,Time to manage,,$142.47 ,Spot mowing 10% of buffer area @ 74.13/hectare treated,,,,,,,,,
14,Wetland,,,,,11,11,Annual,Constant,Custom,,Time to manage,,$142.47 ,Spot mowing 10% of buffer area @ 74.13/hectare treated,,,,,,,,,
14,Wetland,,,,,12,11,Annual,Constant,Custom,,Time to manage,,$142.47 ,Spot mowing 10% of buffer area @ 74.13/hectare treated,,,,,,,,,
14,Wetland,,,,,13,11,Annual,Constant,Custom,,Time to manage,,$142.47 ,Spot mowing 10% of buffer area @ 74.13/hectare treated,,,,,,,,,
14,Wetland,,,,,14,11,Annual,Constant,Custom,,Time to manage,,$142.47 ,Spot mowing 10% of buffer area @ 74.13/hectare treated,,,,,,,,,
14,Wetland,,,,,15,11,Annual,Constant,Custom,,Time to manage,,$142.47 ,Spot mowing 10% of buffer area @ 74.13/hectare treated,,,,,,,,,
14,Wetland,,,,,16,11,Annual,Constant,Custom,,Time to manage,,$142.47 ,Spot mowing 10% of buffer area @ 74.13/hectare treated,,,,,,,,,
14,Wetland,,,,,17,11,Annual,Constant,Custom,,Time to manage,,$142.47 ,Spot mowing 10% of buffer area @ 74.13/hectare treated,,,,,,,,,
14,Wetland,,,,,18,11,Annual,Constant,Custom,,Time to manage,,$142.47 ,Spot mowing 10% of buffer area @ 74.13/hectare treated,,,,,,,,,
14,Wetland,,,,,19,11,Annual,Constant,Custom,,Time to manage,,$142.47 ,Spot mowing 10% of buffer area @ 74.13/hectare treated,,,,,,,,,
14,Wetland,,,,,20,11,Annual,Constant,Custom,,Time to manage,,$142.47 ,Spot mowing 10% of buffer area @ 74.13/hectare treated,,,,,,,,,
14,Wetland,,,,,21,11,Annual,Constant,Custom,,Time to manage,,$142.47 ,Spot mowing 10% of buffer area @ 74.13/hectare treated,,,,,,,,,
14,Wetland,,,,,22,11,Annual,Constant,Custom,,Time to manage,,$142.47 ,Spot mowing 10% of buffer area @ 74.13/hectare treated,,,,,,,,,
14,Wetland,,,,,23,11,Annual,Constant,Custom,,Time to manage,,$142.47 ,Spot mowing 10% of buffer area @ 74.13/hectare treated,,,,,,,,,
14,Wetland,,,,,24,11,Annual,Constant,Custom,,Time to manage,,$142.47 ,Spot mowing 10% of buffer area @ 74.13/hectare treated,,,,,,,,,
14,Wetland,,,,,25,11,Annual,Constant,Custom,,Time to manage,,$142.47 ,Spot mowing 10% of buffer area @ 74.13/hectare treated,,,,,,,,,
14,Wetland,,,,,26,11,Annual,Constant,Custom,,Time to manage,,$142.47 ,Spot mowing 10% of buffer area @ 74.13/hectare treated,,,,,,,,,
14,Wetland,,,,,27,11,Annual,Constant,Custom,,Time to manage,,$142.47 ,Spot mowing 10% of buffer area @ 74.13/hectare treated,,,,,,,,,
14,Wetland,,,,,28,11,Annual,Constant,Custom,,Time to manage,,$142.47 ,Spot mowing 10% of buffer area @ 74.13/hectare treated,,,,,,,,,
14,Wetland,,,,,29,11,Annual,Constant,Custom,,Time to manage,,$142.47 ,Spot mowing 10% of buffer area @ 74.13/hectare treated,,,,,,,,,
14,Wetland,,,,,30,11,Annual,Constant,Custom,,Time to manage,,$142.47 ,Spot mowing 10% of buffer area @ 74.13/hectare treated,,,,,,,,,
14,Wetland,,,,,31,11,Annual,Constant,Custom,,Time to manage,,$142.47 ,Spot mowing 10% of buffer area @ 74.13/hectare treated,,,,,,,,,
14,Wetland,,,,,32,11,Annual,Constant,Custom,,Time to manage,,$142.47 ,Spot mowing 10% of buffer area @ 74.13/hectare treated,,,,,,,,,
14,Wetland,,,,,33,11,Annual,Constant,Custom,,Time to manage,,$142.47 ,Spot mowing 10% of buffer area @ 74.13/hectare treated,,,,,,,,,
14,Wetland,,,,,34,11,Annual,Constant,Custom,,Time to manage,,$142.47 ,Spot mowing 10% of buffer area @ 74.13/hectare treated,,,,,,,,,
14,Wetland,,,,,35,11,Annual,Constant,Custom,,Time to manage,,$142.47 ,Spot mowing 10% of buffer area @ 74.13/hectare treated,,,,,,,,,
14,Wetland,,,,,36,11,Annual,Constant,Custom,,Time to manage,,$142.47 ,Spot mowing 10% of buffer area @ 74.13/hectare treated,,,,,,,,,
14,Wetland,,,,,37,11,Annual,Constant,Custom,,Time to manage,,$142.47 ,Spot mowing 10% of buffer area @ 74.13/hectare treated,,,,,,,,,
14,Wetland,,,,,38,11,Annual,Constant,Custom,,Time to manage,,$142.47 ,Spot mowing 10% of buffer area @ 74.13/hectare treated,,,,,,,,,
14,Wetland,,,,,39,11,Annual,Constant,Custom,,Time to manage,,$142.47 ,Spot mowing 10% of buffer area @ 74.13/hectare treated,,,,,,,,,
14,Wetland,,,,,40,11,Annual,Constant,Custom,,Time to manage,,$142.47 ,Spot mowing 10% of buffer area @ 74.13/hectare treated,,,,,,,,,
14,Wetland,,,,,41,11,Annual,Constant,Custom,,Time to manage,,$142.47 ,Spot mowing 10% of buffer area @ 74.13/hectare treated,,,,,,,,,
14,Wetland,,,,,42,11,Annual,Constant,Custom,,Time to manage,,$142.47 ,Spot mowing 10% of buffer area @ 74.13/hectare treated,,,,,,,,,
14,Wetland,,,,,43,11,Annual,Constant,Custom,,Time to manage,,$142.47 ,Spot mowing 10% of buffer area @ 74.13/hectare treated,,,,,,,,,
14,Wetland,,,,,44,11,Annual,Constant,Custom,,Time to manage,,$142.47 ,Spot mowing 10% of buffer area @ 74.13/hectare treated,,,,,,,,,
14,Wetland,,,,,45,11,Annual,Constant,Custom,,Time to manage,,$142.47 ,Spot mowing 10% of buffer area @ 74.13/hectare treated,,,,,,,,,
14,Wetland,,,,,46,11,Annual,Constant,Custom,,Time to manage,,$142.47 ,Spot mowing 10% of buffer area @ 74.13/hectare treated,,,,,,,,,
14,Wetland,,,,,47,11,Annual,Constant,Custom,,Time to manage,,$142.47 ,Spot mowing 10% of buffer area @ 74.13/hectare treated,,,,,,,,,
14,Wetland,,,,,48,11,Annual,Constant,Custom,,Time to manage,,$142.47 ,Spot mowing 10% of buffer area @ 74.13/hectare treated,,,,,,,,,
14,Wetland,,,,,49,11,Annual,Constant,Custom,,Time to manage,,$142.47 ,Spot mowing 10% of buffer area @ 74.13/hectare treated,,,,,,,,,
14,Wetland,,,,,50,11,Annual,Constant,Custom,,Time to manage,,$142.47 ,Spot mowing 10% of buffer area @ 74.13/hectare treated,,,,,,,,,
14,Wetland,,,,,40,,Every 40 years,Constant,Custom,,Control structure and weir replacement,,$208.58 ,"True present value cost of weir replacement, new structure, and 16 hrs of earth work @ $40/hr",,,,,,,,,
5,Alfalfa,,,,,1,,"Year 1, Every 4 years",Establishment,Equipment,Fixed,Spray Herbicide ,,$2.20 ,,,http://www.extension.iastate.edu/agdm/decisionaidsall.html,,,,,,,
5,Alfalfa,,,,,1,,"Year 1, Every 4 years",Establishment,Equipment,Variable,Spray Herbicide ,,$2.00 ,,,http://www.extension.iastate.edu/agdm/decisionaidsall.html,,,,,,,
5,Alfalfa,,,,,1,,"Year 1, Every 4 years",Establishment,Equipment,Fixed,Tandem disk,,$9.20 ,2 times - Ag Decision Maker,,http://www.extension.iastate.edu/agdm/decisionaidsall.html,,,,,,,
5,Alfalfa,,,,,1,,"Year 1, Every 4 years",Establishment,Equipment,Variable,Tandem disk ,,$6.80 ,2 times - Ag Decision Maker,,http://www.extension.iastate.edu/agdm/decisionaidsall.html,,,,,,,
5,Alfalfa,,,,,1,,"Year 1, Every 4 years",Establishment,Equipment,Fixed,Spread fertilizer,,$2.00 ,,,http://www.extension.iastate.edu/agdm/decisionaidsall.html,,,,,,,
5,Alfalfa,,,,,1,,"Year 1, Every 4 years",Establishment,Equipment,Variable,Spread fertilizer ,,$1.60 ,,,http://www.extension.iastate.edu/agdm/decisionaidsall.html,,,,,,,
5,Alfalfa,,,,,1,,"Year 1, Every 4 years",Establishment,Equipment,Fixed,Harrow ,,$2.10 ,,,http://www.extension.iastate.edu/agdm/decisionaidsall.html,,,,,,,
5,Alfalfa,,,,,1,,"Year 1, Every 4 years",Establishment,Equipment,Variable,Harrow ,,$1.50 ,,,http://www.extension.iastate.edu/agdm/decisionaidsall.html,,,,,,,
5,Alfalfa,,,,,1,,"Year 1, Every 4 years",Establishment,Equipment,Fixed,Seed (drill) ,,$4.50 ,,,http://www.extension.iastate.edu/agdm/decisionaidsall.html,,,,,,,
5,Alfalfa,,,,,1,,"Year 1, Every 4 years",Establishment,Equipment,Variable,Seed (drill) ,,$4.00 ,,,http://www.extension.iastate.edu/agdm/decisionaidsall.html,,,,,,,
5,Alfalfa,,,,,1,,"Year 1, Every 4 years",Establishment,Input,Variable,Seed,,$57.15 , 15 lbs @ $3.81/lb,,http://www.extension.iastate.edu/agdm/decisionaidsall.html,,,,,,,
5,Alfalfa,,,,,1,,"Year 1, Every 4 years",Establishment,Input,Variable,Fertilizer - P,,$14.53 , 35 lbs @ $0.42/lb,,http://www.extension.iastate.edu/agdm/decisionaidsall.html,,,,,,,
5,Alfalfa,,,,,1,,"Year 1, Every 4 years",Establishment,Input,Variable,Fertilizer - Potash,,$38.71 , 125 lbs @ $0.31/lb,,http://www.extension.iastate.edu/agdm/decisionaidsall.html,,,,,,,
5,Alfalfa,,,,,1,,"Year 1, Every 4 years",Establishment,Input,Variable,Herbicide,,$18.20 ,,,http://www.extension.iastate.edu/agdm/decisionaidsall.html,,,,,,,
5,Alfalfa,,,,,1,,"Year 1, Every 4 years",Establishment,Input,Variable,Lime,,$20.00 ,,,http://www.extension.iastate.edu/agdm/decisionaidsall.html,,,,,,,
5,Alfalfa,,,,,1,10,"Year 1, Every 4 years",Preharvest,Labor,Variable,Labor - Pre-harvest,1,$14.25 ,1.0 hours @ $14.25/hour   ,https://crops.extension.iastate.edu/cropnews/2010/05/when-make-first-spring-cut-alfalfa-and-mixed-alfalfagrass,http://www.extension.iastate.edu/agdm/decisionaidsall.html,,,,,,,
5,Alfalfa,,,,,1,13,"Year 1, Every 4 years",Harvest,Labor,Variable,Labor - harvest - cutting,1.5,$21.38 ,1.5 hours @ $14.25/hour. Cut 1,https://crops.extension.iastate.edu/cropnews/2010/05/when-make-first-spring-cut-alfalfa-and-mixed-alfalfagrass,,,,,,,,
5,Alfalfa,,,,,1,16,"Year 1, Every 4 years",Harvest,Labor,Variable,Labor - harvest - cutting,1.5,$21.38 ,1.5 hours @ $14.25/hour. Cut 2,https://crops.extension.iastate.edu/cropnews/2010/05/when-make-first-spring-cut-alfalfa-and-mixed-alfalfagrass,http://www.extension.iastate.edu/agdm/decisionaidsall.html,,,,,,,
5,Alfalfa,,,,,1,,"Year 1, Every 4 years",Harvest,Equipment,Fixed,Harvesting - Mower-Conditioner ,,$11.00 , $5.50 PER CUT Assumes 2 cut Establishment Year ,,http://www.extension.iastate.edu/agdm/decisionaidsall.html,,,,,,,
5,Alfalfa,,,,,1,,"Year 1, Every 4 years",Harvest,Equipment,Variable,Harvesting - Mower-Conditioner ,,$8.60 , $4.30 PER CUT Assumes 2 cut Establishment Year ,,http://www.extension.iastate.edu/agdm/decisionaidsall.html,,,,,,,
5,Alfalfa,,,,,1,,"Year 1, Every 4 years",Harvest,Equipment,Fixed,Harvesting - Rake ,,$6.20 , $3.10 PER CUT Assumes 2 cut Establishment Year ,,http://www.extension.iastate.edu/agdm/decisionaidsall.html,,,,,,,
5,Alfalfa,,,,,1,,"Year 1, Every 4 years",Harvest,Equipment,Variable,Harvesting - Rake ,,$4.00 , $2.00 PER CUT Assumes 2 cut Establishment Year ,,http://www.extension.iastate.edu/agdm/decisionaidsall.html,,,,,,,
5,Alfalfa,,,,,1,,"Year 1, Every 4 years",Harvest,Equipment,Fixed,Harvesting - Baling ,,$16.40 , $8.20 PER CUT Assumes 2 cuts Establishment Year ,,http://www.extension.iastate.edu/agdm/decisionaidsall.html,,,,,,,
5,Alfalfa,,,,,1,,"Year 1, Every 4 years",Harvest,Equipment,Variable,Harvesting - Baling ,,$10.40 , $5.20 PER CUT Assumes 2 cuts Establishment Year ,,http://www.extension.iastate.edu/agdm/decisionaidsall.html,,,,,,,
5,Alfalfa,,,,,1,,"Year 1, Every 4 years",Harvest,Equipment,Fixed,Harvesting - Hauling ,,$9.35 , $1.87 per ton @ 2.5 tons/cutting * 2 cuttings ,,http://www.extension.iastate.edu/agdm/decisionaidsall.html,,,,,,,
5,Alfalfa,,,,,1,,"Year 1, Every 4 years",Harvest,Equipment,Variable,Harvesting - Hauling ,,$14.35 , $2.87 per ton @ 2.5 tons/cutting * 2 cuttings ,,http://www.extension.iastate.edu/agdm/decisionaidsall.html,,,,,,,
5,Alfalfa,,,,,1,,"Year 1, Every 4 years",Constant,Other,Fixed,"Land - Cash rent equivalent, before seeding",,$118.00 ,$118 per acre,,http://www.extension.iastate.edu/agdm/decisionaidsall.html,,,,,,,
5,Alfalfa,,,,,2,,"Years 2, 3, 4 (4 yr cycle)",Preharvest,Equipment,Fixed,Fertilizer Spreader ,,$2.00 ,$2.00 FIXED,,http://www.extension.iastate.edu/agdm/decisionaidsall.html,,,,,,,
5,Alfalfa,,,,,3,,"Years 2, 3, 4 (4 yr cycle)",Preharvest,Equipment,Fixed,Fertilizer Spreader ,,$2.00 ,$2.00 FIXED,,http://www.extension.iastate.edu/agdm/decisionaidsall.html,,,,,,,
5,Alfalfa,,,,,4,,"Years 2, 3, 4 (4 yr cycle)",Preharvest,Equipment,Fixed,Fertilizer Spreader ,,$2.00 ,$2.00 FIXED,,http://www.extension.iastate.edu/agdm/decisionaidsall.html,,,,,,,
5,Alfalfa,,,,,2,,"Years 2, 3, 4 (4 yr cycle)",Preharvest,Equipment,Variable,Fertilizer Spreader ,,$1.60 ,$1.60 VARIABLE,,http://www.extension.iastate.edu/agdm/decisionaidsall.html,,,,,,,
5,Alfalfa,,,,,3,,"Years 2, 3, 4 (4 yr cycle)",Preharvest,Equipment,Variable,Fertilizer Spreader ,,$1.60 ,$1.60 VARIABLE,,http://www.extension.iastate.edu/agdm/decisionaidsall.html,,,,,,,
5,Alfalfa,,,,,4,,"Years 2, 3, 4 (4 yr cycle)",Preharvest,Equipment,Variable,Fertilizer Spreader ,,$1.60 ,$1.60 VARIABLE,,http://www.extension.iastate.edu/agdm/decisionaidsall.html,,,,,,,
5,Alfalfa,,,,,2,,"Years 2, 3, 4 (4 yr cycle)",Preharvest,Input,Variable,Annual Fertilizer - P,,$21.60 ,(13 lbs/1 ton Alfalfa) @ ($0.42/lb) @ 4 tons Alfalfa,,http://www.extension.iastate.edu/agdm/decisionaidsall.html,,,,,,,
5,Alfalfa,,,,,3,,"Years 2, 3, 4 (4 yr cycle)",Preharvest,Input,Variable,Annual Fertilizer - P,,$21.60 ,(13 lbs/1 ton Alfalfa) @ ($0.42/lb) @ 4 tons Alfalfa,,http://www.extension.iastate.edu/agdm/decisionaidsall.html,,,,,,,
5,Alfalfa,,,,,4,,"Years 2, 3, 4 (4 yr cycle)",Preharvest,Input,Variable,Annual Fertilizer - P,,$21.60 ,(13 lbs/1 ton Alfalfa) @ ($0.42/lb) @ 4 tons Alfalfa,,http://www.extension.iastate.edu/agdm/decisionaidsall.html,,,,,,,
5,Alfalfa,,,,,2,,"Years 2, 3, 4 (4 yr cycle)",Preharvest,Input,Variable,Annual Fertilizer - Potash,,$61.95 ,(50 lbs/1 ton Alfalfa) @ ($0.31/lb) @ 4 tons Alfalfa,,http://www.extension.iastate.edu/agdm/decisionaidsall.html,,,,,,,
5,Alfalfa,,,,,3,,"Years 2, 3, 4 (4 yr cycle)",Preharvest,Input,Variable,Annual Fertilizer - Potash,,$61.95 ,(50 lbs/1 ton Alfalfa) @ ($0.31/lb) @ 4 tons Alfalfa,,http://www.extension.iastate.edu/agdm/decisionaidsall.html,,,,,,,
5,Alfalfa,,,,,4,,"Years 2, 3, 4 (4 yr cycle)",Preharvest,Input,Variable,Annual Fertilizer - Potash,,$61.95 ,(50 lbs/1 ton Alfalfa) @ ($0.31/lb) @ 4 tons Alfalfa,,http://www.extension.iastate.edu/agdm/decisionaidsall.html,,,,,,,
5,Alfalfa,,,,,2,,"Years 2, 3, 4 (4 yr cycle)",Constant,Other,Fixed,Crop Insurance,,$1.90 ,$1.9/acre crop insurance premium,,http://www.extension.iastate.edu/agdm/decisionaidsall.html,,,,,,,
5,Alfalfa,,,,,3,,"Years 2, 3, 4 (4 yr cycle)",Constant,Other,Fixed,Crop Insurance,,$1.90 ,$1.9/acre crop insurance premium,,http://www.extension.iastate.edu/agdm/decisionaidsall.html,,,,,,,
5,Alfalfa,,,,,4,,"Years 2, 3, 4 (4 yr cycle)",Constant,Other,Fixed,Crop Insurance,,$1.90 ,$1.9/acre crop insurance premium,,http://www.extension.iastate.edu/agdm/decisionaidsall.html,,,,,,,
5,Alfalfa,,,,,2,10,"Years 2, 3, 4 (4 yr cycle)",Harvest,Labor,Variable,Labor - harvest - cutting,1.33,$19.00 ,1.33 hours @ $14.25/hour Cut 1,https://crops.extension.iastate.edu/cropnews/2010/05/when-make-first-spring-cut-alfalfa-and-mixed-alfalfagrass,http://www.extension.iastate.edu/agdm/decisionaidsall.html,,,,,,,
5,Alfalfa,,,,,3,10,"Years 2, 3, 4 (4 yr cycle)",Harvest,Labor,Variable,Labor - harvest - cutting,1.33,$19.00 ,1.33 hours @ $14.25/hour Cut 2,https://crops.extension.iastate.edu/cropnews/2010/05/when-make-first-spring-cut-alfalfa-and-mixed-alfalfagrass,http://www.extension.iastate.edu/agdm/decisionaidsall.html,,,,,,,
5,Alfalfa,,,,,4,10,"Years 2, 3, 4 (4 yr cycle)",Harvest,Labor,Variable,Labor - harvest - cutting,1.33,$19.00 ,1.33 hours @ $14.25/hour Cut 3,https://crops.extension.iastate.edu/cropnews/2010/05/when-make-first-spring-cut-alfalfa-and-mixed-alfalfagrass,http://www.extension.iastate.edu/agdm/decisionaidsall.html,,,,,,,
5,Alfalfa,,,,,2,13,"Years 2, 3, 4 (4 yr cycle)",Harvest,Labor,Variable,Labor - harvest - cutting,1.33,$19.00 ,1.33 hours @ $14.25/hour Cut 1,https://crops.extension.iastate.edu/cropnews/2010/05/when-make-first-spring-cut-alfalfa-and-mixed-alfalfagrass,http://www.extension.iastate.edu/agdm/decisionaidsall.html,,,,,,,
5,Alfalfa,,,,,3,13,"Years 2, 3, 4 (4 yr cycle)",Harvest,Labor,Variable,Labor - harvest - cutting,1.33,$19.00 ,1.33 hours @ $14.25/hour Cut 2,https://crops.extension.iastate.edu/cropnews/2010/05/when-make-first-spring-cut-alfalfa-and-mixed-alfalfagrass,http://www.extension.iastate.edu/agdm/decisionaidsall.html,,,,,,,
5,Alfalfa,,,,,4,13,"Years 2, 3, 4 (4 yr cycle)",Harvest,Labor,Variable,Labor - harvest - cutting,1.33,$19.00 ,1.33 hours @ $14.25/hour Cut 3,https://crops.extension.iastate.edu/cropnews/2010/05/when-make-first-spring-cut-alfalfa-and-mixed-alfalfagrass,http://www.extension.iastate.edu/agdm/decisionaidsall.html,,,,,,,
5,Alfalfa,,,,,2,16,"Years 2, 3, 4 (4 yr cycle)",Harvest,Labor,Variable,Labor - harvest - cutting,1.33,$19.00 ,1.33 hours @ $14.25/hour Cut 1,https://crops.extension.iastate.edu/cropnews/2010/05/when-make-first-spring-cut-alfalfa-and-mixed-alfalfagrass,http://www.extension.iastate.edu/agdm/decisionaidsall.html,,,,,,,
5,Alfalfa,,,,,3,16,"Years 2, 3, 4 (4 yr cycle)",Harvest,Labor,Variable,Labor - harvest - cutting,1.33,$19.00 ,1.33 hours @ $14.25/hour Cut 2,https://crops.extension.iastate.edu/cropnews/2010/05/when-make-first-spring-cut-alfalfa-and-mixed-alfalfagrass,http://www.extension.iastate.edu/agdm/decisionaidsall.html,,,,,,,
5,Alfalfa,,,,,4,16,"Years 2, 3, 4 (4 yr cycle)",Harvest,Labor,Variable,Labor - harvest - cutting,1.33,$19.00 ,1.33 hours @ $14.25/hour Cut 3,https://crops.extension.iastate.edu/cropnews/2010/05/when-make-first-spring-cut-alfalfa-and-mixed-alfalfagrass,http://www.extension.iastate.edu/agdm/decisionaidsall.html,,,,,,,
5,Alfalfa,,,,,2,,"Years 2, 3, 4 (4 yr cycle)",Constant,Other,Fixed,"Land - Cash rent equivalent, before seeding",,$118.00 ,$118 Cash rent equivalent,,http://www.extension.iastate.edu/agdm/decisionaidsall.html,,,,,,,
5,Alfalfa,,,,,3,,"Years 2, 3, 4 (4 yr cycle)",Constant,Other,Fixed,"Land - Cash rent equivalent, before seeding",,$118.00 ,$118 Cash rent equivalent,,http://www.extension.iastate.edu/agdm/decisionaidsall.html,,,,,,,
5,Alfalfa,,,,,4,,"Years 2, 3, 4 (4 yr cycle)",Constant,Other,Fixed,"Land - Cash rent equivalent, before seeding",,$118.00 ,$118 Cash rent equivalent,,http://www.extension.iastate.edu/agdm/decisionaidsall.html,,,,,,,
5,Alfalfa,,,,,2,,"Years 2, 3, 4 (4 yr cycle)",Harvest,Equipment,Fixed,Harvesting - Mower-Conditioner ,,$16.50 , $5.50 PER CUT Assumes 3 cuts per Year ,,http://www.extension.iastate.edu/agdm/decisionaidsall.html,,,,,,,
5,Alfalfa,,,,,3,,"Years 2, 3, 4 (4 yr cycle)",Harvest,Equipment,Fixed,Harvesting - Mower-Conditioner ,,$16.50 , $5.50 PER CUT Assumes 3 cuts per Year ,,http://www.extension.iastate.edu/agdm/decisionaidsall.html,,,,,,,
5,Alfalfa,,,,,4,,"Years 2, 3, 4 (4 yr cycle)",Harvest,Equipment,Fixed,Harvesting - Mower-Conditioner ,,$16.50 , $5.50 PER CUT Assumes 3 cuts per Year ,,http://www.extension.iastate.edu/agdm/decisionaidsall.html,,,,,,,
5,Alfalfa,,,,,2,,"Years 2, 3, 4 (4 yr cycle)",Harvest,Equipment,Variable,Harvesting - Mower-Conditioner ,,$12.90 , $4.30 PER CUT Assumes 3 cuts per Year ,,http://www.extension.iastate.edu/agdm/decisionaidsall.html,,,,,,,
5,Alfalfa,,,,,3,,"Years 2, 3, 4 (4 yr cycle)",Harvest,Equipment,Variable,Harvesting - Mower-Conditioner ,,$12.90 , $4.30 PER CUT Assumes 3 cuts per Year ,,http://www.extension.iastate.edu/agdm/decisionaidsall.html,,,,,,,
5,Alfalfa,,,,,4,,"Years 2, 3, 4 (4 yr cycle)",Harvest,Equipment,Variable,Harvesting - Mower-Conditioner ,,$12.90 , $4.30 PER CUT Assumes 3 cuts per Year ,,http://www.extension.iastate.edu/agdm/decisionaidsall.html,,,,,,,
5,Alfalfa,,,,,2,,"Years 2, 3, 4 (4 yr cycle)",Harvest,Equipment,Fixed,Harvesting - Rake ,,$9.30 , $3.10 PER CUT Assumes 3 cuts per Year ,,http://www.extension.iastate.edu/agdm/decisionaidsall.html,,,,,,,
5,Alfalfa,,,,,3,,"Years 2, 3, 4 (4 yr cycle)",Harvest,Equipment,Fixed,Harvesting - Rake ,,$9.30 , $3.10 PER CUT Assumes 3 cuts per Year ,,http://www.extension.iastate.edu/agdm/decisionaidsall.html,,,,,,,
5,Alfalfa,,,,,4,,"Years 2, 3, 4 (4 yr cycle)",Harvest,Equipment,Fixed,Harvesting - Rake ,,$9.30 , $3.10 PER CUT Assumes 3 cuts per Year ,,http://www.extension.iastate.edu/agdm/decisionaidsall.html,,,,,,,
5,Alfalfa,,,,,2,,"Years 2, 3, 4 (4 yr cycle)",Harvest,Equipment,Variable,Harvesting - Rake ,,$6.00 , $2.00 PER CUT Assumes 3 cuts per Year ,,http://www.extension.iastate.edu/agdm/decisionaidsall.html,,,,,,,
5,Alfalfa,,,,,3,,"Years 2, 3, 4 (4 yr cycle)",Harvest,Equipment,Variable,Harvesting - Rake ,,$6.00 , $2.00 PER CUT Assumes 3 cuts per Year ,,http://www.extension.iastate.edu/agdm/decisionaidsall.html,,,,,,,
5,Alfalfa,,,,,4,,"Years 2, 3, 4 (4 yr cycle)",Harvest,Equipment,Variable,Harvesting - Rake ,,$6.00 , $2.00 PER CUT Assumes 3 cuts per Year ,,http://www.extension.iastate.edu/agdm/decisionaidsall.html,,,,,,,
5,Alfalfa,,,,,2,,"Years 2, 3, 4 (4 yr cycle)",Harvest,Equipment,Fixed,Harvesting - Baling ,,$24.60 , $8.20 PER CUTAssumes 3 cuts per Year ,,http://www.extension.iastate.edu/agdm/decisionaidsall.html,,,,,,,
5,Alfalfa,,,,,3,,"Years 2, 3, 4 (4 yr cycle)",Harvest,Equipment,Fixed,Harvesting - Baling ,,$24.60 , $8.20 PER CUTAssumes 3 cuts per Year ,,http://www.extension.iastate.edu/agdm/decisionaidsall.html,,,,,,,
5,Alfalfa,,,,,4,,"Years 2, 3, 4 (4 yr cycle)",Harvest,Equipment,Fixed,Harvesting - Baling ,,$24.60 , $8.20 PER CUTAssumes 3 cuts per Year ,,http://www.extension.iastate.edu/agdm/decisionaidsall.html,,,,,,,
5,Alfalfa,,,,,2,,"Years 2, 3, 4 (4 yr cycle)",Harvest,Equipment,Variable,Harvesting - Baling ,,$15.60 , $5.20 PER CUT Assumes 3 cuts per Year ,,http://www.extension.iastate.edu/agdm/decisionaidsall.html,,,,,,,
5,Alfalfa,,,,,3,,"Years 2, 3, 4 (4 yr cycle)",Harvest,Equipment,Variable,Harvesting - Baling ,,$15.60 , $5.20 PER CUT Assumes 3 cuts per Year ,,http://www.extension.iastate.edu/agdm/decisionaidsall.html,,,,,,,
5,Alfalfa,,,,,4,,"Years 2, 3, 4 (4 yr cycle)",Harvest,Equipment,Variable,Harvesting - Baling ,,$15.60 , $5.20 PER CUT Assumes 3 cuts per Year ,,http://www.extension.iastate.edu/agdm/decisionaidsall.html,,,,,,,
5,Alfalfa,,,,,2,,"Years 2, 3, 4 (4 yr cycle)",Harvest,Equipment,Fixed,Harvesting - Hauling ,,$22.40 , $1.87 per ton @ 4 tons/acre/year * 3 cuttings,,http://www.extension.iastate.edu/agdm/decisionaidsall.html,,,,,,,
5,Alfalfa,,,,,3,,"Years 2, 3, 4 (4 yr cycle)",Harvest,Equipment,Fixed,Harvesting - Hauling ,,$22.40 , $1.87 per ton @ 4 tons/acre/year * 3 cuttings,,http://www.extension.iastate.edu/agdm/decisionaidsall.html,,,,,,,
5,Alfalfa,,,,,4,,"Years 2, 3, 4 (4 yr cycle)",Harvest,Equipment,Fixed,Harvesting - Hauling ,,$22.40 , $1.87 per ton @ 4 tons/acre/year * 3 cuttings,,http://www.extension.iastate.edu/agdm/decisionaidsall.html,,,,,,,
5,Alfalfa,,,,,2,,"Years 2, 3, 4 (4 yr cycle)",Harvest,Equipment,Variable,Harvesting - Hauling ,,$34.40 , $2.87 per ton @ 4 tons/acre/year * 3 cuttings,,http://www.extension.iastate.edu/agdm/decisionaidsall.html,,,,,,,
5,Alfalfa,,,,,3,,"Years 2, 3, 4 (4 yr cycle)",Harvest,Equipment,Variable,Harvesting - Hauling ,,$34.40 , $2.87 per ton @ 4 tons/acre/year * 3 cuttings,,http://www.extension.iastate.edu/agdm/decisionaidsall.html,,,,,,,
5,Alfalfa,,,,,4,,"Years 2, 3, 4 (4 yr cycle)",Harvest,Equipment,Variable,Harvesting - Hauling ,,$34.40 , $2.87 per ton @ 4 tons/acre/year * 3 cuttings,,http://www.extension.iastate.edu/agdm/decisionaidsall.html,,,,,,,
8,Grass Hay,,,,,1,,Every 4 years,Establishment,Equipment,Fixed,Spray Herbicide ,,$2.20 ,,,http://www.extension.iastate.edu/agdm/decisionaidsall.html,,,,,,,
8,Grass Hay,,,,,1,,Every 4 years,Establishment,Equipment,Variable,Spray Herbicide ,,$2.00 ,,,http://www.extension.iastate.edu/agdm/decisionaidsall.html,,,,,,,
8,Grass Hay,,,,,1,,Every 4 years,Establishment,Equipment,Fixed,Tandem disk  ,,$9.20 ,2 times - Ag Decision Maker,,http://www.extension.iastate.edu/agdm/decisionaidsall.html,,,,,,,
8,Grass Hay,,,,,1,,Every 4 years,Establishment,Equipment,Variable,Tandem disk ,,$6.80 ,2 times - Ag Decision Maker,,http://www.extension.iastate.edu/agdm/decisionaidsall.html,,,,,,,
8,Grass Hay,,,,,1,,Every 4 years,Establishment,Equipment,Fixed,Spread fertilizer ,,$2.00 ,,,http://www.extension.iastate.edu/agdm/decisionaidsall.html,,,,,,,
8,Grass Hay,,,,,1,,Every 4 years,Establishment,Equipment,Variable,Spread fertilizer ,,$1.60 ,,,http://www.extension.iastate.edu/agdm/decisionaidsall.html,,,,,,,
8,Grass Hay,,,,,1,,Every 4 years,Establishment,Equipment,Fixed,Harrow ,,$2.10 ,,,http://www.extension.iastate.edu/agdm/decisionaidsall.html,,,,,,,
8,Grass Hay,,,,,1,,Every 4 years,Establishment,Equipment,Variable,Harrow ,,$1.50 ,,,http://www.extension.iastate.edu/agdm/decisionaidsall.html,,,,,,,
8,Grass Hay,,,,,1,,Every 4 years,Establishment,Equipment,Fixed,Seed (drill) ,,$4.50 ,,,http://www.extension.iastate.edu/agdm/decisionaidsall.html,,,,,,,
8,Grass Hay,,,,,1,,Every 4 years,Establishment,Equipment,Variable,Seed (drill) ,,$4.00 ,,,http://www.extension.iastate.edu/agdm/decisionaidsall.html,,,,,,,
8,Grass Hay,,,,,1,,Every 4 years,Establishment,Input,Variable,Seed,,$57.15 ,15 lbs @ $3.81/lb alfalfa seed,,http://www.extension.iastate.edu/agdm/decisionaidsall.html,,,,,,,
8,Grass Hay,,,,,1,,Every 4 years,Establishment,Input,Variable,Fertilizer - P,,$14.53 ,35 lbs @ $0.42/lb,,http://www.extension.iastate.edu/agdm/decisionaidsall.html,,,,,,,
8,Grass Hay,,,,,1,,Every 4 years,Establishment,Input,Variable,Fertilizer - Potash,,$38.71 ,125 lbs @ $0.31/lb,,http://www.extension.iastate.edu/agdm/decisionaidsall.html,,,,,,,
8,Grass Hay,,,,,1,,Every 4 years,Establishment,Input,Variable,Herbicide,,$18.20 ,,,http://www.extension.iastate.edu/agdm/decisionaidsall.html,,,,,,,
8,Grass Hay,,,,,1,,Every 4 years,Establishment,Input,Variable,Lime,,$20.00 ,,,http://www.extension.iastate.edu/agdm/decisionaidsall.html,,,,,,,
8,Grass Hay,,,,,1,10,Every 4 years,Preharvest,Labor,Variable,Labor - Pre-harvest,1,$14.25 ,1.0 hours @ $14.25/hour,https://crops.extension.iastate.edu/cropnews/2010/05/when-make-first-spring-cut-alfalfa-and-mixed-alfalfagrass,http://www.extension.iastate.edu/agdm/decisionaidsall.html,,,,,,,
8,Grass Hay,,,,,1,13,Every 4 years,Preharvest,Labor,Variable,Labor - harvest - cutting,1.5,$21.38 ,1.5 hours @ $14/hour Cut 1,https://crops.extension.iastate.edu/cropnews/2010/05/when-make-first-spring-cut-alfalfa-and-mixed-alfalfagrass,http://www.extension.iastate.edu/agdm/decisionaidsall.html,,,,,,,
8,Grass Hay,,,,,1,16,Every 4 years,Harvest,Labor,Variable,Labor - harvest - cutting,1.5,$21.38 ,1.5 hours @ $14/hour Cut 2,https://crops.extension.iastate.edu/cropnews/2010/05/when-make-first-spring-cut-alfalfa-and-mixed-alfalfagrass,http://www.extension.iastate.edu/agdm/decisionaidsall.html,,,,,,,
8,Grass Hay,,,,,1,,Every 4 years,Harvest,Equipment,Fixed,Harvesting - Mower-Conditioner ,,$11.00 , $5.50.PER CUT Assumes 2 cut Establishment Year ,,http://www.extension.iastate.edu/agdm/decisionaidsall.html,,,,,,,
8,Grass Hay,,,,,1,,Every 4 years,Harvest,Equipment,Variable,Harvesting - Mower-Conditioner ,,$8.60 , $4.30.PER CUT Assumes 2 cut Establishment Year ,,http://www.extension.iastate.edu/agdm/decisionaidsall.html,,,,,,,
8,Grass Hay,,,,,1,,Every 4 years,Harvest,Equipment,Fixed,Harvesting - Rake ,,$6.20 , $3.10.PER CUT Assumes 2 cut Establishment Year ,,http://www.extension.iastate.edu/agdm/decisionaidsall.html,,,,,,,
8,Grass Hay,,,,,1,,Every 4 years,Harvest,Equipment,Variable,Harvesting - Rake ,,$4.00 , $2.00.PER CUT Assumes 2 cut Establishment Year ,,http://www.extension.iastate.edu/agdm/decisionaidsall.html,,,,,,,
8,Grass Hay,,,,,1,,Every 4 years,Harvest,Equipment,Fixed,Harvesting - Baling ,,$16.40 , $8.2.PER CUT Assumes 2 cuts Establishment Year ,,http://www.extension.iastate.edu/agdm/decisionaidsall.html,,,,,,,
8,Grass Hay,,,,,1,,Every 4 years,Harvest,Equipment,Variable,Harvesting - Baling ,,$10.40 , $5.20.PER CUT Assumes 2 cuts Establishment Year ,,http://www.extension.iastate.edu/agdm/decisionaidsall.html,,,,,,,
8,Grass Hay,,,,,1,,Every 4 years,Harvest,Equipment,Fixed,Harvesting - Hauling ,,$9.35 , $1.97 per ton @ 2.5 tons/cutting * 2 cuttings/acre/year ,,http://www.extension.iastate.edu/agdm/decisionaidsall.html,,,,,,,
8,Grass Hay,,,,,1,,Every 4 years,Harvest,Equipment,Variable,Harvesting - Hauling ,,$14.35 , $2.87 per ton @ 2.5 tons/acre/year * 2 cuttings/acre/year ,,http://www.extension.iastate.edu/agdm/decisionaidsall.html,,,,,,,
8,Grass Hay,,,,,1,,Every 4 years,Harvest,Other,Fixed,"Land - Cash rent equivalent, before seeding",,$118.00 ,$118 per acre,,http://www.extension.iastate.edu/agdm/decisionaidsall.html,,,,,,,
8,Grass Hay,,,,,2,,"Years 2, 3, 4",Preharvest,Equipment,Fixed,Fertilizer Spreader ,,$2.00 ,$2.00 FIXED,,http://www.extension.iastate.edu/agdm/decisionaidsall.html,,,,,,,
8,Grass Hay,,,,,3,,"Years 2, 3, 4",Preharvest,Equipment,Fixed,Fertilizer Spreader ,,$2.00 ,$2.00 FIXED,,http://www.extension.iastate.edu/agdm/decisionaidsall.html,,,,,,,
8,Grass Hay,,,,,4,,"Years 2, 3, 4",Preharvest,Equipment,Fixed,Fertilizer Spreader ,,$2.00 ,$2.00 FIXED,,http://www.extension.iastate.edu/agdm/decisionaidsall.html,,,,,,,
8,Grass Hay,,,,,2,,"Years 2, 3, 4",Preharvest,Equipment,Variable,Fertilizer Spreader ,,$1.60 ,$1.60 VARIABLE,,http://www.extension.iastate.edu/agdm/decisionaidsall.html,,,,,,,
8,Grass Hay,,,,,3,,"Years 2, 3, 4",Preharvest,Equipment,Variable,Fertilizer Spreader ,,$1.60 ,$1.60 VARIABLE,,http://www.extension.iastate.edu/agdm/decisionaidsall.html,,,,,,,
8,Grass Hay,,,,,4,,"Years 2, 3, 4",Preharvest,Equipment,Variable,Fertilizer Spreader ,,$1.60 ,$1.60 VARIABLE,,http://www.extension.iastate.edu/agdm/decisionaidsall.html,,,,,,,
8,Grass Hay,,,,,2,,"Years 2, 3, 4",Preharvest,Input,Variable,Annual Fertilizer - P,,$21.60 ,(13 lbs/1 ton Alfalfa) @ ($0.42/lb) @ 4 tons Alfalfa,,http://www.extension.iastate.edu/agdm/decisionaidsall.html,,,,,,,
8,Grass Hay,,,,,3,,"Years 2, 3, 4",Preharvest,Input,Variable,Annual Fertilizer - P,,$21.60 ,(13 lbs/1 ton Alfalfa) @ ($0.42/lb) @ 4 tons Alfalfa,,http://www.extension.iastate.edu/agdm/decisionaidsall.html,,,,,,,
8,Grass Hay,,,,,4,,"Years 2, 3, 4",Preharvest,Input,Variable,Annual Fertilizer - P,,$21.60 ,(13 lbs/1 ton Alfalfa) @ ($0.42/lb) @ 4 tons Alfalfa,,http://www.extension.iastate.edu/agdm/decisionaidsall.html,,,,,,,
8,Grass Hay,,,,,2,,"Years 2, 3, 4",Preharvest,Input,Variable,Annual Fertilizer - Potash,,$61.95 ,(50 lbs/1 ton Alfalfa) @ ($0.31/lb) @ 4 tons Alfalfa,,http://www.extension.iastate.edu/agdm/decisionaidsall.html,,,,,,,
8,Grass Hay,,,,,3,,"Years 2, 3, 4",Preharvest,Input,Variable,Annual Fertilizer - Potash,,$61.95 ,(50 lbs/1 ton Alfalfa) @ ($0.31/lb) @ 4 tons Alfalfa,,http://www.extension.iastate.edu/agdm/decisionaidsall.html,,,,,,,
8,Grass Hay,,,,,4,,"Years 2, 3, 4",Preharvest,Input,Variable,Annual Fertilizer - Potash,,$61.95 ,(50 lbs/1 ton Alfalfa) @ ($0.31/lb) @ 4 tons Alfalfa,,http://www.extension.iastate.edu/agdm/decisionaidsall.html,,,,,,,
8,Grass Hay,,,,,2,,"Years 2, 3, 4",Constant,Other,Variable,Crop Insurance,,$1.90 ,$1.9/acre (assuming 3 cuts @ 4 tons/cut),,http://www.extension.iastate.edu/agdm/decisionaidsall.html,,,,,,,
8,Grass Hay,,,,,3,,"Years 2, 3, 4",Constant,Other,Variable,Crop Insurance,,$1.90 ,$1.9/acre (assuming 3 cuts @ 4 tons/cut),,http://www.extension.iastate.edu/agdm/decisionaidsall.html,,,,,,,
8,Grass Hay,,,,,4,,"Years 2, 3, 4",Constant,Other,Variable,Crop Insurance,,$1.90 ,$1.9/acre (assuming 3 cuts @ 4 tons/cut),,http://www.extension.iastate.edu/agdm/decisionaidsall.html,,,,,,,
8,Grass Hay,,,,,2,10,"Years 2, 3, 4",Harvest,Labor,Variable,Labor - harvest - cutting,1.33,$19.00 ,1.33 hours @ $14.25/hour Cut 1,https://crops.extension.iastate.edu/cropnews/2010/05/when-make-first-spring-cut-alfalfa-and-mixed-alfalfagrass,http://www.extension.iastate.edu/agdm/decisionaidsall.html,,,,,,,
8,Grass Hay,,,,,3,10,"Years 2, 3, 4",Harvest,Labor,Variable,Labor - harvest - cutting,1.33,$19.00 ,1.33 hours @ $14.25/hour Cut 2,https://crops.extension.iastate.edu/cropnews/2010/05/when-make-first-spring-cut-alfalfa-and-mixed-alfalfagrass,http://www.extension.iastate.edu/agdm/decisionaidsall.html,,,,,,,
8,Grass Hay,,,,,4,10,"Years 2, 3, 4",Harvest,Labor,Variable,Labor - harvest - cutting,1.33,$19.00 ,1.33 hours @ $14.25/hour Cut 3,https://crops.extension.iastate.edu/cropnews/2010/05/when-make-first-spring-cut-alfalfa-and-mixed-alfalfagrass,http://www.extension.iastate.edu/agdm/decisionaidsall.html,,,,,,,
8,Grass Hay,,,,,2,13,"Years 2, 3, 4",Harvest,Labor,Variable,Labor - harvest - cutting,1.33,$19.00 ,1.33 hours @ $14.25/hour Cut 1,https://crops.extension.iastate.edu/cropnews/2010/05/when-make-first-spring-cut-alfalfa-and-mixed-alfalfagrass,http://www.extension.iastate.edu/agdm/decisionaidsall.html,,,,,,,
8,Grass Hay,,,,,3,13,"Years 2, 3, 4",Harvest,Labor,Variable,Labor - harvest - cutting,1.33,$19.00 ,1.33 hours @ $14.25/hour Cut 2,https://crops.extension.iastate.edu/cropnews/2010/05/when-make-first-spring-cut-alfalfa-and-mixed-alfalfagrass,http://www.extension.iastate.edu/agdm/decisionaidsall.html,,,,,,,
8,Grass Hay,,,,,4,13,"Years 2, 3, 4",Harvest,Labor,Variable,Labor - harvest - cutting,1.33,$19.00 ,1.33 hours @ $14.25/hour Cut 3,https://crops.extension.iastate.edu/cropnews/2010/05/when-make-first-spring-cut-alfalfa-and-mixed-alfalfagrass,http://www.extension.iastate.edu/agdm/decisionaidsall.html,,,,,,,
8,Grass Hay,,,,,2,16,"Years 2, 3, 4",Harvest,Labor,Variable,Labor - harvest - cutting,1.33,$19.00 ,1.33 hours @ $14.25/hour Cut 1,https://crops.extension.iastate.edu/cropnews/2010/05/when-make-first-spring-cut-alfalfa-and-mixed-alfalfagrass,http://www.extension.iastate.edu/agdm/decisionaidsall.html,,,,,,,
8,Grass Hay,,,,,3,16,"Years 2, 3, 4",Harvest,Labor,Variable,Labor - harvest - cutting,1.33,$19.00 ,1.33 hours @ $14.25/hour Cut 2,https://crops.extension.iastate.edu/cropnews/2010/05/when-make-first-spring-cut-alfalfa-and-mixed-alfalfagrass,http://www.extension.iastate.edu/agdm/decisionaidsall.html,,,,,,,
8,Grass Hay,,,,,4,16,"Years 2, 3, 4",Harvest,Labor,Variable,Labor - harvest - cutting,1.33,$19.00 ,1.33 hours @ $14.25/hour Cut 3,https://crops.extension.iastate.edu/cropnews/2010/05/when-make-first-spring-cut-alfalfa-and-mixed-alfalfagrass,http://www.extension.iastate.edu/agdm/decisionaidsall.html,,,,,,,
8,Grass Hay,,,,,2,,"Years 2, 3, 4",Constant,Other,Fixed,"Land - Cash rent equivalent, before seeding",,$118.00 ,$118 Cash rent equivalent,,http://www.extension.iastate.edu/agdm/decisionaidsall.html,,,,,,,
8,Grass Hay,,,,,3,,"Years 2, 3, 4",Constant,Other,Fixed,"Land - Cash rent equivalent, before seeding",,$118.00 ,$118 Cash rent equivalent,,http://www.extension.iastate.edu/agdm/decisionaidsall.html,,,,,,,
8,Grass Hay,,,,,4,,"Years 2, 3, 4",Constant,Other,Fixed,"Land - Cash rent equivalent, before seeding",,$118.00 ,$118 Cash rent equivalent,,http://www.extension.iastate.edu/agdm/decisionaidsall.html,,,,,,,
8,Grass Hay,,,,,2,,"Years 2, 3, 4",Harvest,Equipment,Fixed,Harvesting - Mower-Conditioner ,,$16.50 , $5.50.PER CUT Assumes 3 cuts per Year ,,http://www.extension.iastate.edu/agdm/decisionaidsall.html,,,,,,,
8,Grass Hay,,,,,3,,"Years 2, 3, 4",Harvest,Equipment,Fixed,Harvesting - Mower-Conditioner ,,$16.50 , $5.50.PER CUT Assumes 3 cuts per Year ,,http://www.extension.iastate.edu/agdm/decisionaidsall.html,,,,,,,
8,Grass Hay,,,,,4,,"Years 2, 3, 4",Harvest,Equipment,Fixed,Harvesting - Mower-Conditioner ,,$16.50 , $5.50.PER CUT Assumes 3 cuts per Year ,,http://www.extension.iastate.edu/agdm/decisionaidsall.html,,,,,,,
8,Grass Hay,,,,,2,,"Years 2, 3, 4",Harvest,Equipment,Variable,Harvesting - Mower-Conditioner ,,$12.90 , $4.30.PER CUT Assumes 3 cuts per Year ,,http://www.extension.iastate.edu/agdm/decisionaidsall.html,,,,,,,
8,Grass Hay,,,,,3,,"Years 2, 3, 4",Harvest,Equipment,Variable,Harvesting - Mower-Conditioner ,,$12.90 , $4.30.PER CUT Assumes 3 cuts per Year ,,http://www.extension.iastate.edu/agdm/decisionaidsall.html,,,,,,,
8,Grass Hay,,,,,4,,"Years 2, 3, 4",Harvest,Equipment,Variable,Harvesting - Mower-Conditioner ,,$12.90 , $4.30.PER CUT Assumes 3 cuts per Year ,,http://www.extension.iastate.edu/agdm/decisionaidsall.html,,,,,,,
8,Grass Hay,,,,,2,,"Years 2, 3, 4",Harvest,Equipment,Fixed,Harvesting - Rake ,,$9.30 , $3.10PER CUT Assumes 3 cuts per Year ,,http://www.extension.iastate.edu/agdm/decisionaidsall.html,,,,,,,
8,Grass Hay,,,,,3,,"Years 2, 3, 4",Harvest,Equipment,Fixed,Harvesting - Rake ,,$9.30 , $3.10PER CUT Assumes 3 cuts per Year ,,http://www.extension.iastate.edu/agdm/decisionaidsall.html,,,,,,,
8,Grass Hay,,,,,4,,"Years 2, 3, 4",Harvest,Equipment,Fixed,Harvesting - Rake ,,$9.30 , $3.10PER CUT Assumes 3 cuts per Year ,,http://www.extension.iastate.edu/agdm/decisionaidsall.html,,,,,,,
8,Grass Hay,,,,,2,,"Years 2, 3, 4",Harvest,Equipment,Variable,Harvesting - Rake ,,$6.00 , $2.00PER CUT Assumes 3 cuts per Year ,,http://www.extension.iastate.edu/agdm/decisionaidsall.html,,,,,,,
8,Grass Hay,,,,,3,,"Years 2, 3, 4",Harvest,Equipment,Variable,Harvesting - Rake ,,$6.00 , $2.00PER CUT Assumes 3 cuts per Year ,,http://www.extension.iastate.edu/agdm/decisionaidsall.html,,,,,,,
8,Grass Hay,,,,,4,,"Years 2, 3, 4",Harvest,Equipment,Variable,Harvesting - Rake ,,$6.00 , $2.00PER CUT Assumes 3 cuts per Year ,,http://www.extension.iastate.edu/agdm/decisionaidsall.html,,,,,,,
8,Grass Hay,,,,,2,,"Years 2, 3, 4",Harvest,Equipment,Fixed,Harvesting - Baling ,,$24.60 , $8.20 PER CUT Assumes 3 cuts per Year ,,http://www.extension.iastate.edu/agdm/decisionaidsall.html,,,,,,,
8,Grass Hay,,,,,3,,"Years 2, 3, 4",Harvest,Equipment,Fixed,Harvesting - Baling ,,$24.60 , $8.20 PER CUT Assumes 3 cuts per Year ,,http://www.extension.iastate.edu/agdm/decisionaidsall.html,,,,,,,
8,Grass Hay,,,,,4,,"Years 2, 3, 4",Harvest,Equipment,Fixed,Harvesting - Baling ,,$24.60 , $8.20 PER CUT Assumes 3 cuts per Year ,,http://www.extension.iastate.edu/agdm/decisionaidsall.html,,,,,,,
8,Grass Hay,,,,,2,,"Years 2, 3, 4",Harvest,Equipment,Variable,Harvesting - Baling ,,$15.60 , $5.20PER CUT Assumes 3 cuts per Year ,,http://www.extension.iastate.edu/agdm/decisionaidsall.html,,,,,,,
8,Grass Hay,,,,,3,,"Years 2, 3, 4",Harvest,Equipment,Variable,Harvesting - Baling ,,$15.60 , $5.20PER CUT Assumes 3 cuts per Year ,,http://www.extension.iastate.edu/agdm/decisionaidsall.html,,,,,,,
8,Grass Hay,,,,,4,,"Years 2, 3, 4",Harvest,Equipment,Variable,Harvesting - Baling ,,$15.60 , $5.20PER CUT Assumes 3 cuts per Year ,,http://www.extension.iastate.edu/agdm/decisionaidsall.html,,,,,,,
8,Grass Hay,,,,,2,,"Years 2, 3, 4",Harvest,Equipment,Fixed,Harvesting - Hauling ,,$22.40 , $1.87 per ton @ 4 tons/cutting * 3 cuttings/year ,,http://www.extension.iastate.edu/agdm/decisionaidsall.html,,,,,,,
8,Grass Hay,,,,,3,,"Years 2, 3, 4",Harvest,Equipment,Fixed,Harvesting - Hauling ,,$22.40 , $1.87 per ton @ 4 tons/cutting * 3 cuttings/year ,,http://www.extension.iastate.edu/agdm/decisionaidsall.html,,,,,,,
8,Grass Hay,,,,,4,,"Years 2, 3, 4",Harvest,Equipment,Fixed,Harvesting - Hauling ,,$22.40 , $1.87 per ton @ 4 tons/cutting * 3 cuttings/year ,,http://www.extension.iastate.edu/agdm/decisionaidsall.html,,,,,,,
8,Grass Hay,,,,,2,,"Years 2, 3, 4",Harvest,Equipment,Variable,Harvesting - Hauling ,,$34.40 , $2.87 per ton @ 4 tons/cutting * 3 cuttings/year ,,http://www.extension.iastate.edu/agdm/decisionaidsall.html,,,,,,,
8,Grass Hay,,,,,3,,"Years 2, 3, 4",Harvest,Equipment,Variable,Harvesting - Hauling ,,$34.40 , $2.87 per ton @ 4 tons/cutting * 3 cuttings/year ,,http://www.extension.iastate.edu/agdm/decisionaidsall.html,,,,,,,
8,Grass Hay,,,,,4,,"Years 2, 3, 4",Harvest,Equipment,Variable,Harvesting - Hauling ,,$34.40 , $2.87 per ton @ 4 tons/cutting * 3 cuttings/year ,,http://www.extension.iastate.edu/agdm/decisionaidsall.html,,,,,,,
6,Permanent Pasture,,,,,1,,Annual,Preharvest,Input,Variable,Preharvest - Feed - Pasture ,,$50.00 ,Assumed rent of pasture per acre,,https://www.extension.iastate.edu/AGDM/livestock/pdf/b1-21.pdf,,,,,,,
6,Permanent Pasture,,,,,1,,Annual,Preharvest,Input,Variable,Preharvest - Feed - Pasture Fertilizer & Miscellaneous ,,$20.00 ,"Assumed pasture fertilizer, miscellaneous",,https://www.extension.iastate.edu/AGDM/livestock/pdf/b1-21.pdf,,,,,,,
6,Permanent Pasture,,,,,1,,Annual,Preharvest,Input,Variable,Preharvest - Feed - Corn ,,$5.44 ,4 bu @ $ 3.40/bu     / 2.5 acres (bring it down to per acre amount),,https://www.extension.iastate.edu/AGDM/livestock/pdf/b1-21.pdf,,,,,,,
6,Permanent Pasture,,,,,1,,Annual,Preharvest,Input,Variable,Preharvest - Feed - Salt & Minerals ,,$2.16 ,60 bu @ $ 0.09/bu     / 2.5 acres (bring it down to per acre amount),,https://www.extension.iastate.edu/AGDM/livestock/pdf/b1-21.pdf,,,,,,,
6,Permanent Pasture,,,,,1,,Annual,Preharvest,Input,Variable,Preharvest - Feed - Alfalfa-Brome Hay ,,$100.80 ,2.1 bu @ $ 120/bu     / 2.5 acres (bring it down to per acre amount),,https://www.extension.iastate.edu/AGDM/livestock/pdf/b1-21.pdf,,,,,,,
6,Permanent Pasture,,,,,1,,Annual,Preharvest,Input,Variable,Preharvest - Feed - Corn Stalks ,,$3.00 ,4 acre @ $ 3.00/acre     / 4 acres (bring it down to per acre amount),,https://www.extension.iastate.edu/AGDM/livestock/pdf/b1-21.pdf,,,,,,,
6,Permanent Pasture,,,,,1,,Annual,Preharvest,Input,Variable,Veterinary & Health ,,$10.00 ,$25 per unit / 2.5 acres (bring it down to per acre amount),,https://www.extension.iastate.edu/AGDM/livestock/pdf/b1-21.pdf,,,,,,,
6,Permanent Pasture,,,,,1,,Annual,Preharvest,Equipment,Variable,"Machinery, Equipment, Fuel, & Repairs ",,$6.00 ,$15 per unit / 2.5 acres (bring it down to per acre amount),,https://www.extension.iastate.edu/AGDM/livestock/pdf/b1-21.pdf,,,,,,,
6,Permanent Pasture,,,,,1,,Annual,Preharvest,Other,Variable,Marketing & Miscellaneous ,,$8.00 ,$20 per unit / 2.5 acres (bring it down to per acre amount),,https://www.extension.iastate.edu/AGDM/livestock/pdf/b1-21.pdf,,,,,,,
6,Permanent Pasture,,,,,1,1,Annual,Preharvest,Labor,Variable,Preharvest Labor,0.16,$2.24 ,8 hours @ $14/hr     / 2.5 acres (bring it down to per acre amount) *.05,,https://www.extension.iastate.edu/AGDM/livestock/pdf/b1-21.pdf,,,,,,,
6,Permanent Pasture,,,,,1,2,Annual,Preharvest,Labor,Variable,Preharvest Labor,0.16,$2.24 ,9 hours @ $14/hr     / 2.5 acres (bring it down to per acre amount) *.05,,https://www.extension.iastate.edu/AGDM/livestock/pdf/b1-21.pdf,,,,,,,
6,Permanent Pasture,,,,,1,3,Annual,Preharvest,Labor,Variable,Preharvest Labor,0.16,$2.24 ,10 hours @ $14/hr     / 2.5 acres (bring it down to per acre amount) *.05,,https://www.extension.iastate.edu/AGDM/livestock/pdf/b1-21.pdf,,,,,,,
6,Permanent Pasture,,,,,1,4,Annual,Preharvest,Labor,Variable,Preharvest Labor,0.16,$2.24 ,11 hours @ $14/hr     / 2.5 acres (bring it down to per acre amount) *.05,,https://www.extension.iastate.edu/AGDM/livestock/pdf/b1-21.pdf,,,,,,,
6,Permanent Pasture,,,,,1,5,Annual,Preharvest,Labor,Variable,Preharvest Labor,0.16,$2.24 ,12 hours @ $14/hr     / 2.5 acres (bring it down to per acre amount) *.05,,https://www.extension.iastate.edu/AGDM/livestock/pdf/b1-21.pdf,,,,,,,
6,Permanent Pasture,,,,,1,6,Annual,Preharvest,Labor,Variable,Preharvest Labor,0.16,$2.24 ,13 hours @ $14/hr     / 2.5 acres (bring it down to per acre amount) *.05,,https://www.extension.iastate.edu/AGDM/livestock/pdf/b1-21.pdf,,,,,,,
6,Permanent Pasture,,,,,1,7,Annual,Preharvest,Labor,Variable,Preharvest Labor,0.16,$2.24 ,14 hours @ $14/hr     / 2.5 acres (bring it down to per acre amount) *.05,,https://www.extension.iastate.edu/AGDM/livestock/pdf/b1-21.pdf,,,,,,,
6,Permanent Pasture,,,,,1,8,Annual,Preharvest,Labor,Variable,Preharvest Labor,0.16,$2.24 ,15 hours @ $14/hr     / 2.5 acres (bring it down to per acre amount) *.05,,https://www.extension.iastate.edu/AGDM/livestock/pdf/b1-21.pdf,,,,,,,
6,Permanent Pasture,,,,,1,9,Annual,Preharvest,Labor,Variable,Preharvest Labor,0.16,$2.24 ,16 hours @ $14/hr     / 2.5 acres (bring it down to per acre amount) *.05,,https://www.extension.iastate.edu/AGDM/livestock/pdf/b1-21.pdf,,,,,,,
6,Permanent Pasture,,,,,1,10,Annual,Preharvest,Labor,Variable,Preharvest Labor,0.32,$4.48 ,8 hours @ $14/hr     / 2.5 acres (bring it down to per acre amount) *.1,,https://www.extension.iastate.edu/AGDM/livestock/pdf/b1-21.pdf,,,,,,,
6,Permanent Pasture,,,,,1,11,Annual,Preharvest,Labor,Variable,Preharvest Labor,0.32,$4.48 ,9 hours @ $14/hr     / 2.5 acres (bring it down to per acre amount) *.1,,https://www.extension.iastate.edu/AGDM/livestock/pdf/b1-21.pdf,,,,,,,
6,Permanent Pasture,,,,,1,12,Annual,Preharvest,Labor,Variable,Preharvest Labor,0,$0.00 ,8 hours @ $14/hr     / 2.5 acres (bring it down to per acre amount),,https://www.extension.iastate.edu/AGDM/livestock/pdf/b1-21.pdf,,,,,,,
6,Permanent Pasture,,,,,1,13,Annual,Preharvest,Labor,Variable,Preharvest Labor,0,$0.00 ,8 hours @ $14/hr     / 2.5 acres (bring it down to per acre amount),,https://www.extension.iastate.edu/AGDM/livestock/pdf/b1-21.pdf,,,,,,,
6,Permanent Pasture,,,,,1,14,Annual,Preharvest,Labor,Variable,Preharvest Labor,0,$0.00 ,8 hours @ $14/hr     / 2.5 acres (bring it down to per acre amount),,https://www.extension.iastate.edu/AGDM/livestock/pdf/b1-21.pdf,,,,,,,
6,Permanent Pasture,,,,,1,15,Annual,Preharvest,Labor,Variable,Preharvest Labor,0,$0.00 ,8 hours @ $14/hr     / 2.5 acres (bring it down to per acre amount),,https://www.extension.iastate.edu/AGDM/livestock/pdf/b1-21.pdf,,,,,,,
6,Permanent Pasture,,,,,1,16,Annual,Preharvest,Labor,Variable,Preharvest Labor,0.32,$4.48 ,8 hours @ $14/hr     / 2.5 acres (bring it down to per acre amount)*.1,,https://www.extension.iastate.edu/AGDM/livestock/pdf/b1-21.pdf,,,,,,,
6,Permanent Pasture,,,,,1,17,Annual,Preharvest,Labor,Variable,Preharvest Labor,0,$0.00 ,8 hours @ $14/hr     / 2.5 acres (bring it down to per acre amount),,https://www.extension.iastate.edu/AGDM/livestock/pdf/b1-21.pdf,,,,,,,
6,Permanent Pasture,,,,,1,18,Annual,Preharvest,Labor,Variable,Preharvest Labor,0,$0.00 ,8 hours @ $14/hr     / 2.5 acres (bring it down to per acre amount),,https://www.extension.iastate.edu/AGDM/livestock/pdf/b1-21.pdf,,,,,,,
6,Permanent Pasture,,,,,1,19,Annual,Preharvest,Labor,Variable,Preharvest Labor,0,$0.00 ,8 hours @ $14/hr     / 2.5 acres (bring it down to per acre amount),,https://www.extension.iastate.edu/AGDM/livestock/pdf/b1-21.pdf,,,,,,,
6,Permanent Pasture,,,,,1,20,Annual,Preharvest,Labor,Variable,Preharvest Labor,0,$0.00 ,8 hours @ $14/hr     / 2.5 acres (bring it down to per acre amount),,https://www.extension.iastate.edu/AGDM/livestock/pdf/b1-21.pdf,,,,,,,
6,Permanent Pasture,,,,,1,21,Annual,Preharvest,Labor,Variable,Preharvest Labor,0,$0.00 ,8 hours @ $14/hr     / 2.5 acres (bring it down to per acre amount),,https://www.extension.iastate.edu/AGDM/livestock/pdf/b1-21.pdf,,,,,,,
6,Permanent Pasture,,,,,1,22,Annual,Preharvest,Labor,Variable,Preharvest Labor,0.32,$4.48 ,8 hours @ $14/hr     / 2.5 acres (bring it down to per acre amount)*.1,,https://www.extension.iastate.edu/AGDM/livestock/pdf/b1-21.pdf,,,,,,,
6,Permanent Pasture,,,,,1,23,Annual,Preharvest,Labor,Variable,Preharvest Labor,0.32,$4.48 ,9 hours @ $14/hr     / 2.5 acres (bring it down to per acre amount)*.1,,https://www.extension.iastate.edu/AGDM/livestock/pdf/b1-21.pdf,,,,,,,
6,Permanent Pasture,,,,,1,24,Annual,Preharvest,Labor,Variable,Preharvest Labor,0.16,$2.24 ,8 hours @ $14/hr     / 2.5 acres (bring it down to per acre amount)*.05,,https://www.extension.iastate.edu/AGDM/livestock/pdf/b1-21.pdf,,,,,,,
6,Permanent Pasture,,,,,1,,Annual,Preharvest,Equipment,Fixed,"Machinery, Equipment, Housing, & Fences ",,$26.04 ,65.10 / 2.5 acres (bring down to per acre),,https://www.extension.iastate.edu/AGDM/livestock/pdf/b1-21.pdf,,,,,,,
6,Permanent Pasture,,,,,1,,Annual,Preharvest,Other,Fixed,Interest & Insurance on Breeding Herd,,$43.28 ,108.20 / 2.5 acres (bring down to 1 acre),,https://www.extension.iastate.edu/AGDM/livestock/pdf/b1-21.pdf,,,,,,,
6,Permanent Pasture,,,,,1,,Annual,Preharvest,Other,Fixed,Bull Depreciation/Replacement,,$4.80 ,12/ 2.5 acres (bring down to 1 acre),,https://www.extension.iastate.edu/AGDM/livestock/pdf/b1-21.pdf,,,,,,,
7,Rotational Grazing,,,,,1,,Annual,Preharvest,Input,Variable,Preharvest - Feed - Pasture ,,$50.00 ,Assumed rent,,https://www.extension.iastate.edu/AGDM/livestock/pdf/b1-21.pdf,,,,,,,
7,Rotational Grazing,,,,,1,,Annual,Preharvest,Input,Variable,Preharvest - Feed - Pasture Fertilizer & Miscellaneous ,,$31.43 ,"Assumed, modified (55/35) for changed stocking density",,https://www.extension.iastate.edu/AGDM/livestock/pdf/b1-21.pdf,,,,,,,
7,Rotational Grazing,,,,,1,,Annual,Preharvest,Input,Variable,Preharvest - Feed - Corn ,,$8.55 ,4 bu @ $ 3.40/bu     / 2.5 acres (bring it down to per acre amount) Modified (55/35) for increased stocking density,,https://www.extension.iastate.edu/AGDM/livestock/pdf/b1-21.pdf,,,,,,,
7,Rotational Grazing,,,,,1,,Annual,Preharvest,Input,Variable,Preharvest - Feed - Salt & Minerals ,,$3.39 ,60 bu @ $ 0.09/bu     / 2.5 acres (bring it down to per acre amount) Modified (55/35) for increased stocking density,,https://www.extension.iastate.edu/AGDM/livestock/pdf/b1-21.pdf,,,,,,,
7,Rotational Grazing,,,,,1,,Annual,Preharvest,Input,Variable,Preharvest - Feed - Alfalfa-Brome Hay ,,$125.40 ,2.1 bu @ $ 95/bu     / 2.5 acres (bring it down to per acre amount) Modified (55/35) for increased stocking density,,https://www.extension.iastate.edu/AGDM/livestock/pdf/b1-21.pdf,,,,,,,
7,Rotational Grazing,,,,,1,,Annual,Preharvest,Input,Variable,Preharvest - Feed - Corn Stalks ,,$4.71 ,4 acre @ $ 3.00/acre     / 4 acres (bring it down to per acre amount) Modified (55/35) for increased stocking density,,https://www.extension.iastate.edu/AGDM/livestock/pdf/b1-21.pdf,,,,,,,
7,Rotational Grazing,,,,,1,,Annual,Preharvest,Input,Variable,Veterinary & Health ,,$15.71 ,$25 per unit / 2.5 acres (bring it down to per acre amount) Modified (55/35) for increased stocking density,,https://www.extension.iastate.edu/AGDM/livestock/pdf/b1-21.pdf,,,,,,,
7,Rotational Grazing,,,,,1,,Annual,Preharvest,Equipment,Variable,"Machinery, Equipment, Fuel, & Repairs ",,$6.00 ,$15 per unit / 2.5 acres (bring it down to per acre amount) Scale for Paddock moving,,https://www.extension.iastate.edu/AGDM/livestock/pdf/b1-21.pdf,,,,,,,
7,Rotational Grazing,,,,,1,,Annual,Preharvest,Other,Variable,Marketing & Miscellaneous ,,$12.57 ,$20 per unit / 2.5 acres (bring it down to per acre amount) Modified (55/35) for increased stocking density,,https://www.extension.iastate.edu/AGDM/livestock/pdf/b1-21.pdf,,,,,,,
7,Rotational Grazing,,,,,1,,Annual,Preharvest,Labor,Variable,Preharvest Labor,3.2,$44.80 ,8 hours @ $14/hr     / 2.5 acres (bring it down to per acre amount),,https://www.extension.iastate.edu/AGDM/livestock/pdf/b1-21.pdf,,,,,,,
7,Rotational Grazing,,,,,1,,Annual,Preharvest,Equipment,Fixed,"Machinery, Equipment, Housing, & Fences ",,$26.04 ,Assumed / 2.5 acres (bring down to 1 acre) Scale for Extra Fencing Costs,,https://www.extension.iastate.edu/AGDM/livestock/pdf/b1-21.pdf,,,,,,,
7,Rotational Grazing,,,,,1,,Annual,Preharvest,Other,Fixed,Interest & Insurance on Breeding Herd,,$68.01 ,Assumed / 2.5 acres (bring down to 1 acre) Modified (55/35) for increased stocking density,,https://www.extension.iastate.edu/AGDM/livestock/pdf/b1-21.pdf,,,,,,,
7,Rotational Grazing,,,,,1,,Annual,Preharvest,Other,Fixed,Bull Depreciation/Replacement,,$7.54 ,Assumed / 2.5 acres (bring down to 1 acre) Modified (55/35) for increased stocking density,,https://www.extension.iastate.edu/AGDM/livestock/pdf/b1-21.pdf,,,,,,,
12,Switchgrass,,,,,1,6,Every 11 years,Establishment,Custom,Fixed,Custom - Preharvest - Disk,,$4.73 ,"Ag Decision Maker, based on 2007 Iowa Farm Custom Rate Survey no repeat if reseeding",,http://www.extension.iastate.edu/agdm/crops/html/a1-22.html,,,,,,,
12,Switchgrass,,,,,1,7,Every 11 years,Establishment,Custom,Fixed,Custom - Preharvest - Disk,,$4.73 ,"Ag Decision Maker, based on 2007 Iowa Farm Custom Rate Survey no repeat if reseeding",,http://www.extension.iastate.edu/agdm/crops/html/a1-22.html,,,,,,,
12,Switchgrass,,,,,1,6,Every 11 years,Establishment,Custom,Fixed,Custom - Preharvest - Harrow,,$3.13 ,"Ag Decision Maker, based on 2007 Iowa Farm Custom Rate Surveyno repeat if reseeding",,http://www.extension.iastate.edu/agdm/crops/html/a1-22.html,,,,,,,
12,Switchgrass,,,,,1,7,Every 11 years,Establishment,Custom,Fixed,Custom - Preharvest - Harrow,,$3.13 ,"Ag Decision Maker, based on 2007 Iowa Farm Custom Rate Surveyno repeat if reseeding",,http://www.extension.iastate.edu/agdm/crops/html/a1-22.html,,,,,,,
12,Switchgrass,,,,,1,6,Every 11 years,Establishment,Custom,Fixed,Custom - Preharvest - Airflow spreader (seed and fertilizers),,$3.85 ,"Ag Decision Maker, based on 2007 Iowa Farm Custom Rate Surveyrepeat if reseeding (25% chance)",,http://www.extension.iastate.edu/agdm/crops/html/a1-22.html,,,,,,,
12,Switchgrass,,,,,1,7,Every 11 years,Establishment,Custom,Fixed,Custom - Preharvest - Airflow spreader (seed and fertilizers),,$3.85 ,"Ag Decision Maker, based on 2007 Iowa Farm Custom Rate Surveyrepeat if reseeding (25% chance)",,http://www.extension.iastate.edu/agdm/crops/html/a1-22.html,,,,,,,
12,Switchgrass,,,,,1,6,Every 11 years,Establishment,Custom,Fixed,Custom - Spraying chemicals,,$2.58 ,"Ag Decision Maker, based on 2007 Iowa Farm Custom Rate Survey",,http://www.extension.iastate.edu/agdm/crops/html/a1-22.html,,,,,,,
12,Switchgrass,,,,,1,7,Every 11 years,Establishment,Custom,Fixed,Custom - Spraying chemicals,,$2.58 ,"Ag Decision Maker, based on 2007 Iowa Farm Custom Rate Survey",,http://www.extension.iastate.edu/agdm/crops/html/a1-22.html,,,,,,,
12,Switchgrass,,,,,1,8,Every 11 years,Establishment,Input,Fixed,Seed,,$0.00 ,repeat if reseeding (25% chance),,http://www.extension.iastate.edu/agdm/crops/html/a1-22.html,,,,,,,
12,Switchgrass,,,,,1,,Every 11 years,Establishment,Input,Variable,Fertilizer - P,,$11.10 ,"Ag Decision Maker, based on 2007 Iowa Farm Custom Rate Survey 30lb @ $0.37/lb repeat if reseeding (25% chance)",,http://www.extension.iastate.edu/agdm/crops/html/a1-22.html,,,,,,,
12,Switchgrass,,,,,1,,Every 11 years,Establishment,Input,Variable,Fertilizer - K,,$9.20 ,"Ag Decision Maker, based on 2007 Iowa Farm Custom Rate Survey 40lb @ $0.23/lb repeat if reseeding (25% chance)",,http://www.extension.iastate.edu/agdm/crops/html/a1-22.html,,,,,,,
12,Switchgrass,,,,,1,,Every 11 years,Establishment,Input,Variable,Lime,,$63.00 ,"Ag Decision Maker, based on 2007 Iowa Farm Custom Rate Survey no repeat if reseeding 3 tons @ $21/ton",,http://www.extension.iastate.edu/agdm/crops/html/a1-22.html,,,,,,,
12,Switchgrass,,,,,1,,Every 11 years,Establishment,Input,Variable,Herbicides,,$7.74 ,"Ag Decision Maker, based on 2007 Iowa Farm Custom Rate Survey Pursuit+ 3 oz @ $53/gal, MSO 32 oz @ $1.75/pt 2,4D 1.5 pts @ $16/gal repeat if reseeding (25% chance)",,http://www.extension.iastate.edu/agdm/crops/html/a1-22.html,,,,,,,
12,Switchgrass,,,,,2,,Annual after yr1,Preharvest,Input,Variable,Fertilizer - N,,$31.00 ,"Ag Decision Maker, based on 2007 Iowa Farm Custom Rate Survey 100lb @ $0.31/lb",,http://www.extension.iastate.edu/agdm/crops/html/a1-22.html,,,,,,,
12,Switchgrass,,,,,3,,Annual after yr1,Preharvest,Input,Variable,Fertilizer - N,,$31.00 ,"Ag Decision Maker, based on 2007 Iowa Farm Custom Rate Survey 100lb @ $0.31/lb",,http://www.extension.iastate.edu/agdm/crops/html/a1-22.html,,,,,,,
12,Switchgrass,,,,,4,,Annual after yr1,Preharvest,Input,Variable,Fertilizer - N,,$31.00 ,"Ag Decision Maker, based on 2007 Iowa Farm Custom Rate Survey 100lb @ $0.31/lb",,http://www.extension.iastate.edu/agdm/crops/html/a1-22.html,,,,,,,
12,Switchgrass,,,,,5,,Annual after yr1,Preharvest,Input,Variable,Fertilizer - N,,$31.00 ,"Ag Decision Maker, based on 2007 Iowa Farm Custom Rate Survey 100lb @ $0.31/lb",,http://www.extension.iastate.edu/agdm/crops/html/a1-22.html,,,,,,,
12,Switchgrass,,,,,6,,Annual after yr1,Preharvest,Input,Variable,Fertilizer - N,,$31.00 ,"Ag Decision Maker, based on 2007 Iowa Farm Custom Rate Survey 100lb @ $0.31/lb",,http://www.extension.iastate.edu/agdm/crops/html/a1-22.html,,,,,,,
12,Switchgrass,,,,,7,,Annual after yr1,Preharvest,Input,Variable,Fertilizer - N,,$31.00 ,"Ag Decision Maker, based on 2007 Iowa Farm Custom Rate Survey 100lb @ $0.31/lb",,http://www.extension.iastate.edu/agdm/crops/html/a1-22.html,,,,,,,
12,Switchgrass,,,,,8,,Annual after yr1,Preharvest,Input,Variable,Fertilizer - N,,$31.00 ,"Ag Decision Maker, based on 2007 Iowa Farm Custom Rate Survey 100lb @ $0.31/lb",,http://www.extension.iastate.edu/agdm/crops/html/a1-22.html,,,,,,,
12,Switchgrass,,,,,9,,Annual after yr1,Preharvest,Input,Variable,Fertilizer - N,,$31.00 ,"Ag Decision Maker, based on 2007 Iowa Farm Custom Rate Survey 100lb @ $0.31/lb",,http://www.extension.iastate.edu/agdm/crops/html/a1-22.html,,,,,,,
12,Switchgrass,,,,,10,,Annual after yr1,Preharvest,Input,Variable,Fertilizer - N,,$31.00 ,"Ag Decision Maker, based on 2007 Iowa Farm Custom Rate Survey 100lb @ $0.31/lb",,http://www.extension.iastate.edu/agdm/crops/html/a1-22.html,,,,,,,
12,Switchgrass,,,,,11,,Annual after yr1,Preharvest,Input,Variable,Fertilizer - N,,$31.00 ,"Ag Decision Maker, based on 2007 Iowa Farm Custom Rate Survey 100lb @ $0.31/lb",,http://www.extension.iastate.edu/agdm/crops/html/a1-22.html,,,,,,,
12,Switchgrass,,,,,2,,Annual after yr1,Preharvest,Input,Variable,Fertilizer - P,,$2.87 ,"Ag Decision Maker, based on 2007 Iowa Farm Custom Rate Survey 1.94lb @ $0.37/lb @4 tons per acre",,http://www.extension.iastate.edu/agdm/crops/html/a1-22.html,,,,,,,
12,Switchgrass,,,,,3,,Annual after yr1,Preharvest,Input,Variable,Fertilizer - P,,$2.87 ,"Ag Decision Maker, based on 2007 Iowa Farm Custom Rate Survey 1.94lb @ $0.37/lb @4 tons per acre",,http://www.extension.iastate.edu/agdm/crops/html/a1-22.html,,,,,,,
12,Switchgrass,,,,,4,,Annual after yr1,Preharvest,Input,Variable,Fertilizer - P,,$2.87 ,"Ag Decision Maker, based on 2007 Iowa Farm Custom Rate Survey 1.94lb @ $0.37/lb @4 tons per acre",,http://www.extension.iastate.edu/agdm/crops/html/a1-22.html,,,,,,,
12,Switchgrass,,,,,5,,Annual after yr1,Preharvest,Input,Variable,Fertilizer - P,,$2.87 ,"Ag Decision Maker, based on 2007 Iowa Farm Custom Rate Survey 1.94lb @ $0.37/lb @4 tons per acre",,http://www.extension.iastate.edu/agdm/crops/html/a1-22.html,,,,,,,
12,Switchgrass,,,,,6,,Annual after yr1,Preharvest,Input,Variable,Fertilizer - P,,$2.87 ,"Ag Decision Maker, based on 2007 Iowa Farm Custom Rate Survey 1.94lb @ $0.37/lb @4 tons per acre",,http://www.extension.iastate.edu/agdm/crops/html/a1-22.html,,,,,,,
12,Switchgrass,,,,,7,,Annual after yr1,Preharvest,Input,Variable,Fertilizer - P,,$2.87 ,"Ag Decision Maker, based on 2007 Iowa Farm Custom Rate Survey 1.94lb @ $0.37/lb @4 tons per acre",,http://www.extension.iastate.edu/agdm/crops/html/a1-22.html,,,,,,,
12,Switchgrass,,,,,8,,Annual after yr1,Preharvest,Input,Variable,Fertilizer - P,,$2.87 ,"Ag Decision Maker, based on 2007 Iowa Farm Custom Rate Survey 1.94lb @ $0.37/lb @4 tons per acre",,http://www.extension.iastate.edu/agdm/crops/html/a1-22.html,,,,,,,
12,Switchgrass,,,,,9,,Annual after yr1,Preharvest,Input,Variable,Fertilizer - P,,$2.87 ,"Ag Decision Maker, based on 2007 Iowa Farm Custom Rate Survey 1.94lb @ $0.37/lb @4 tons per acre",,http://www.extension.iastate.edu/agdm/crops/html/a1-22.html,,,,,,,
12,Switchgrass,,,,,10,,Annual after yr1,Preharvest,Input,Variable,Fertilizer - P,,$2.87 ,"Ag Decision Maker, based on 2007 Iowa Farm Custom Rate Survey 1.94lb @ $0.37/lb @4 tons per acre",,http://www.extension.iastate.edu/agdm/crops/html/a1-22.html,,,,,,,
12,Switchgrass,,,,,11,,Annual after yr1,Preharvest,Input,Variable,Fertilizer - P,,$2.87 ,"Ag Decision Maker, based on 2007 Iowa Farm Custom Rate Survey 1.94lb @ $0.37/lb @4 tons per acre",,http://www.extension.iastate.edu/agdm/crops/html/a1-22.html,,,,,,,
12,Switchgrass,,,,,2,,Annual after yr1,Preharvest,Input,Variable,Fertilizer - K,,$20.98 ,"Ag Decision Maker, based on 2007 Iowa Farm Custom Rate Survey 22.8lb @ $0.23/lb @ 4 tons per acre",,http://www.extension.iastate.edu/agdm/crops/html/a1-22.html,,,,,,,
12,Switchgrass,,,,,3,,Annual after yr1,Preharvest,Input,Variable,Fertilizer - K,,$20.98 ,"Ag Decision Maker, based on 2007 Iowa Farm Custom Rate Survey 22.8lb @ $0.23/lb @ 4 tons per acre",,http://www.extension.iastate.edu/agdm/crops/html/a1-22.html,,,,,,,
12,Switchgrass,,,,,4,,Annual after yr1,Preharvest,Input,Variable,Fertilizer - K,,$20.98 ,"Ag Decision Maker, based on 2007 Iowa Farm Custom Rate Survey 22.8lb @ $0.23/lb @ 4 tons per acre",,http://www.extension.iastate.edu/agdm/crops/html/a1-22.html,,,,,,,
12,Switchgrass,,,,,5,,Annual after yr1,Preharvest,Input,Variable,Fertilizer - K,,$20.98 ,"Ag Decision Maker, based on 2007 Iowa Farm Custom Rate Survey 22.8lb @ $0.23/lb @ 4 tons per acre",,http://www.extension.iastate.edu/agdm/crops/html/a1-22.html,,,,,,,
12,Switchgrass,,,,,6,,Annual after yr1,Preharvest,Input,Variable,Fertilizer - K,,$20.98 ,"Ag Decision Maker, based on 2007 Iowa Farm Custom Rate Survey 22.8lb @ $0.23/lb @ 4 tons per acre",,http://www.extension.iastate.edu/agdm/crops/html/a1-22.html,,,,,,,
12,Switchgrass,,,,,7,,Annual after yr1,Preharvest,Input,Variable,Fertilizer - K,,$20.98 ,"Ag Decision Maker, based on 2007 Iowa Farm Custom Rate Survey 22.8lb @ $0.23/lb @ 4 tons per acre",,http://www.extension.iastate.edu/agdm/crops/html/a1-22.html,,,,,,,
12,Switchgrass,,,,,8,,Annual after yr1,Preharvest,Input,Variable,Fertilizer - K,,$20.98 ,"Ag Decision Maker, based on 2007 Iowa Farm Custom Rate Survey 22.8lb @ $0.23/lb @ 4 tons per acre",,http://www.extension.iastate.edu/agdm/crops/html/a1-22.html,,,,,,,
12,Switchgrass,,,,,9,,Annual after yr1,Preharvest,Input,Variable,Fertilizer - K,,$20.98 ,"Ag Decision Maker, based on 2007 Iowa Farm Custom Rate Survey 22.8lb @ $0.23/lb @ 4 tons per acre",,http://www.extension.iastate.edu/agdm/crops/html/a1-22.html,,,,,,,
12,Switchgrass,,,,,10,,Annual after yr1,Preharvest,Input,Variable,Fertilizer - K,,$20.98 ,"Ag Decision Maker, based on 2007 Iowa Farm Custom Rate Survey 22.8lb @ $0.23/lb @ 4 tons per acre",,http://www.extension.iastate.edu/agdm/crops/html/a1-22.html,,,,,,,
12,Switchgrass,,,,,11,,Annual after yr1,Preharvest,Input,Variable,Fertilizer - K,,$20.98 ,"Ag Decision Maker, based on 2007 Iowa Farm Custom Rate Survey 22.8lb @ $0.23/lb @ 4 tons per acre",,http://www.extension.iastate.edu/agdm/crops/html/a1-22.html,,,,,,,
12,Switchgrass,,,,,2,,Annual after yr1,Preharvest,Input,Variable,Herbicides,,$7.74 ,"Ag Decision Maker, based on 2007 Iowa Farm Custom Rate SurveyPursuit+ 3 oz @ $53/gal, MSO 32 oz @ $1.75/pt2,4D 1.5 pts @ $16/gal",,http://www.extension.iastate.edu/agdm/crops/html/a1-22.html,,,,,,,
12,Switchgrass,,,,,3,,Annual after yr1,Preharvest,Input,Variable,Herbicides,,$7.74 ,"Ag Decision Maker, based on 2007 Iowa Farm Custom Rate SurveyPursuit+ 3 oz @ $53/gal, MSO 32 oz @ $1.75/pt2,4D 1.5 pts @ $16/gal",,http://www.extension.iastate.edu/agdm/crops/html/a1-22.html,,,,,,,
12,Switchgrass,,,,,4,,Annual after yr1,Preharvest,Input,Variable,Herbicides,,$7.74 ,"Ag Decision Maker, based on 2007 Iowa Farm Custom Rate SurveyPursuit+ 3 oz @ $53/gal, MSO 32 oz @ $1.75/pt2,4D 1.5 pts @ $16/gal",,http://www.extension.iastate.edu/agdm/crops/html/a1-22.html,,,,,,,
12,Switchgrass,,,,,5,,Annual after yr1,Preharvest,Input,Variable,Herbicides,,$7.74 ,"Ag Decision Maker, based on 2007 Iowa Farm Custom Rate SurveyPursuit+ 3 oz @ $53/gal, MSO 32 oz @ $1.75/pt2,4D 1.5 pts @ $16/gal",,http://www.extension.iastate.edu/agdm/crops/html/a1-22.html,,,,,,,
12,Switchgrass,,,,,6,,Annual after yr1,Preharvest,Input,Variable,Herbicides,,$7.74 ,"Ag Decision Maker, based on 2007 Iowa Farm Custom Rate SurveyPursuit+ 3 oz @ $53/gal, MSO 32 oz @ $1.75/pt2,4D 1.5 pts @ $16/gal",,http://www.extension.iastate.edu/agdm/crops/html/a1-22.html,,,,,,,
12,Switchgrass,,,,,7,,Annual after yr1,Preharvest,Input,Variable,Herbicides,,$7.74 ,"Ag Decision Maker, based on 2007 Iowa Farm Custom Rate SurveyPursuit+ 3 oz @ $53/gal, MSO 32 oz @ $1.75/pt2,4D 1.5 pts @ $16/gal",,http://www.extension.iastate.edu/agdm/crops/html/a1-22.html,,,,,,,
12,Switchgrass,,,,,8,,Annual after yr1,Preharvest,Input,Variable,Herbicides,,$7.74 ,"Ag Decision Maker, based on 2007 Iowa Farm Custom Rate SurveyPursuit+ 3 oz @ $53/gal, MSO 32 oz @ $1.75/pt2,4D 1.5 pts @ $16/gal",,http://www.extension.iastate.edu/agdm/crops/html/a1-22.html,,,,,,,
12,Switchgrass,,,,,9,,Annual after yr1,Preharvest,Input,Variable,Herbicides,,$7.74 ,"Ag Decision Maker, based on 2007 Iowa Farm Custom Rate SurveyPursuit+ 3 oz @ $53/gal, MSO 32 oz @ $1.75/pt2,4D 1.5 pts @ $16/gal",,http://www.extension.iastate.edu/agdm/crops/html/a1-22.html,,,,,,,
12,Switchgrass,,,,,10,,Annual after yr1,Preharvest,Input,Variable,Herbicides,,$7.74 ,"Ag Decision Maker, based on 2007 Iowa Farm Custom Rate SurveyPursuit+ 3 oz @ $53/gal, MSO 32 oz @ $1.75/pt2,4D 1.5 pts @ $16/gal",,http://www.extension.iastate.edu/agdm/crops/html/a1-22.html,,,,,,,
12,Switchgrass,,,,,11,,Annual after yr1,Preharvest,Input,Variable,Herbicides,,$7.74 ,"Ag Decision Maker, based on 2007 Iowa Farm Custom Rate SurveyPursuit+ 3 oz @ $53/gal, MSO 32 oz @ $1.75/pt2,4D 1.5 pts @ $16/gal",,http://www.extension.iastate.edu/agdm/crops/html/a1-22.html,,,,,,,
12,Switchgrass,,,,,2,14,Annual after yr1,Preharvest,Custom,Fixed,Liquid N application,,$4.80 ,"Ag Decision Maker, based on 2007 Iowa Farm Custom Rate Survey",file:///C:/Users/bhosting/Downloads/PM0569.pdf,http://www.extension.iastate.edu/agdm/crops/html/a1-22.html,,,,,,,
12,Switchgrass,,,,,3,14,Annual after yr1,Preharvest,Custom,Fixed,Liquid N application,,$4.80 ,"Ag Decision Maker, based on 2007 Iowa Farm Custom Rate Survey",,http://www.extension.iastate.edu/agdm/crops/html/a1-22.html,,,,,,,
12,Switchgrass,,,,,4,14,Annual after yr1,Preharvest,Custom,Fixed,Liquid N application,,$4.80 ,"Ag Decision Maker, based on 2007 Iowa Farm Custom Rate Survey",,http://www.extension.iastate.edu/agdm/crops/html/a1-22.html,,,,,,,
12,Switchgrass,,,,,5,14,Annual after yr1,Preharvest,Custom,Fixed,Liquid N application,,$4.80 ,"Ag Decision Maker, based on 2007 Iowa Farm Custom Rate Survey",,http://www.extension.iastate.edu/agdm/crops/html/a1-22.html,,,,,,,
12,Switchgrass,,,,,6,14,Annual after yr1,Preharvest,Custom,Fixed,Liquid N application,,$4.80 ,"Ag Decision Maker, based on 2007 Iowa Farm Custom Rate Survey",,http://www.extension.iastate.edu/agdm/crops/html/a1-22.html,,,,,,,
12,Switchgrass,,,,,7,14,Annual after yr1,Preharvest,Custom,Fixed,Liquid N application,,$4.80 ,"Ag Decision Maker, based on 2007 Iowa Farm Custom Rate Survey",,http://www.extension.iastate.edu/agdm/crops/html/a1-22.html,,,,,,,
12,Switchgrass,,,,,8,14,Annual after yr1,Preharvest,Custom,Fixed,Liquid N application,,$4.80 ,"Ag Decision Maker, based on 2007 Iowa Farm Custom Rate Survey",,http://www.extension.iastate.edu/agdm/crops/html/a1-22.html,,,,,,,
12,Switchgrass,,,,,9,14,Annual after yr1,Preharvest,Custom,Fixed,Liquid N application,,$4.80 ,"Ag Decision Maker, based on 2007 Iowa Farm Custom Rate Survey",,http://www.extension.iastate.edu/agdm/crops/html/a1-22.html,,,,,,,
12,Switchgrass,,,,,10,14,Annual after yr1,Preharvest,Custom,Fixed,Liquid N application,,$4.80 ,"Ag Decision Maker, based on 2007 Iowa Farm Custom Rate Survey",,http://www.extension.iastate.edu/agdm/crops/html/a1-22.html,,,,,,,
12,Switchgrass,,,,,11,14,Annual after yr1,Preharvest,Custom,Fixed,Liquid N application,,$4.80 ,"Ag Decision Maker, based on 2007 Iowa Farm Custom Rate Survey",,http://www.extension.iastate.edu/agdm/crops/html/a1-22.html,,,,,,,
12,Switchgrass,,,,,2,14,Annual after yr1,Preharvest,Custom,Fixed,Bulk fertilizer spreader,,$3.20 ,"Ag Decision Maker, based on 2007 Iowa Farm Custom Rate Survey",,http://www.extension.iastate.edu/agdm/crops/html/a1-22.html,,,,,,,
12,Switchgrass,,,,,3,14,Annual after yr1,Preharvest,Custom,Fixed,Bulk fertilizer spreader,,$3.20 ,"Ag Decision Maker, based on 2007 Iowa Farm Custom Rate Survey",,http://www.extension.iastate.edu/agdm/crops/html/a1-22.html,,,,,,,
12,Switchgrass,,,,,4,14,Annual after yr1,Preharvest,Custom,Fixed,Bulk fertilizer spreader,,$3.20 ,"Ag Decision Maker, based on 2007 Iowa Farm Custom Rate Survey",,http://www.extension.iastate.edu/agdm/crops/html/a1-22.html,,,,,,,
12,Switchgrass,,,,,5,14,Annual after yr1,Preharvest,Custom,Fixed,Bulk fertilizer spreader,,$3.20 ,"Ag Decision Maker, based on 2007 Iowa Farm Custom Rate Survey",,http://www.extension.iastate.edu/agdm/crops/html/a1-22.html,,,,,,,
12,Switchgrass,,,,,6,14,Annual after yr1,Preharvest,Custom,Fixed,Bulk fertilizer spreader,,$3.20 ,"Ag Decision Maker, based on 2007 Iowa Farm Custom Rate Survey",,http://www.extension.iastate.edu/agdm/crops/html/a1-22.html,,,,,,,
12,Switchgrass,,,,,7,14,Annual after yr1,Preharvest,Custom,Fixed,Bulk fertilizer spreader,,$3.20 ,"Ag Decision Maker, based on 2007 Iowa Farm Custom Rate Survey",,http://www.extension.iastate.edu/agdm/crops/html/a1-22.html,,,,,,,
12,Switchgrass,,,,,8,14,Annual after yr1,Preharvest,Custom,Fixed,Bulk fertilizer spreader,,$3.20 ,"Ag Decision Maker, based on 2007 Iowa Farm Custom Rate Survey",,http://www.extension.iastate.edu/agdm/crops/html/a1-22.html,,,,,,,
12,Switchgrass,,,,,9,14,Annual after yr1,Preharvest,Custom,Fixed,Bulk fertilizer spreader,,$3.20 ,"Ag Decision Maker, based on 2007 Iowa Farm Custom Rate Survey",,http://www.extension.iastate.edu/agdm/crops/html/a1-22.html,,,,,,,
12,Switchgrass,,,,,10,14,Annual after yr1,Preharvest,Custom,Fixed,Bulk fertilizer spreader,,$3.20 ,"Ag Decision Maker, based on 2007 Iowa Farm Custom Rate Survey",,http://www.extension.iastate.edu/agdm/crops/html/a1-22.html,,,,,,,
12,Switchgrass,,,,,11,14,Annual after yr1,Preharvest,Custom,Fixed,Bulk fertilizer spreader,,$3.20 ,"Ag Decision Maker, based on 2007 Iowa Farm Custom Rate Survey",,http://www.extension.iastate.edu/agdm/crops/html/a1-22.html,,,,,,,
12,Switchgrass,,,,,2,14,Annual after yr1,Preharvest,Custom,Fixed,Sprayer,,$5.15 ,"Ag Decision Maker, based on 2007 Iowa Farm Custom Rate Survey",,http://www.extension.iastate.edu/agdm/crops/html/a1-22.html,,,,,,,
12,Switchgrass,,,,,3,14,Annual after yr1,Preharvest,Custom,Fixed,Sprayer,,$5.15 ,"Ag Decision Maker, based on 2007 Iowa Farm Custom Rate Survey",,http://www.extension.iastate.edu/agdm/crops/html/a1-22.html,,,,,,,
12,Switchgrass,,,,,4,14,Annual after yr1,Preharvest,Custom,Fixed,Sprayer,,$5.15 ,"Ag Decision Maker, based on 2007 Iowa Farm Custom Rate Survey",,http://www.extension.iastate.edu/agdm/crops/html/a1-22.html,,,,,,,
12,Switchgrass,,,,,5,14,Annual after yr1,Preharvest,Custom,Fixed,Sprayer,,$5.15 ,"Ag Decision Maker, based on 2007 Iowa Farm Custom Rate Survey",,http://www.extension.iastate.edu/agdm/crops/html/a1-22.html,,,,,,,
12,Switchgrass,,,,,6,14,Annual after yr1,Preharvest,Custom,Fixed,Sprayer,,$5.15 ,"Ag Decision Maker, based on 2007 Iowa Farm Custom Rate Survey",,http://www.extension.iastate.edu/agdm/crops/html/a1-22.html,,,,,,,
12,Switchgrass,,,,,7,14,Annual after yr1,Preharvest,Custom,Fixed,Sprayer,,$5.15 ,"Ag Decision Maker, based on 2007 Iowa Farm Custom Rate Survey",,http://www.extension.iastate.edu/agdm/crops/html/a1-22.html,,,,,,,
12,Switchgrass,,,,,8,14,Annual after yr1,Preharvest,Custom,Fixed,Sprayer,,$5.15 ,"Ag Decision Maker, based on 2007 Iowa Farm Custom Rate Survey",,http://www.extension.iastate.edu/agdm/crops/html/a1-22.html,,,,,,,
12,Switchgrass,,,,,9,14,Annual after yr1,Preharvest,Custom,Fixed,Sprayer,,$5.15 ,"Ag Decision Maker, based on 2007 Iowa Farm Custom Rate Survey",,http://www.extension.iastate.edu/agdm/crops/html/a1-22.html,,,,,,,
12,Switchgrass,,,,,10,14,Annual after yr1,Preharvest,Custom,Fixed,Sprayer,,$5.15 ,"Ag Decision Maker, based on 2007 Iowa Farm Custom Rate Survey",,http://www.extension.iastate.edu/agdm/crops/html/a1-22.html,,,,,,,
12,Switchgrass,,,,,11,14,Annual after yr1,Preharvest,Custom,Fixed,Sprayer,,$5.15 ,"Ag Decision Maker, based on 2007 Iowa Farm Custom Rate Survey",,http://www.extension.iastate.edu/agdm/crops/html/a1-22.html,,,,,,,
12,Switchgrass,,,,,2,22,Annual after yr1,Harvest,Custom,Fixed,Mow/conditioning,,$10.75 ,"Ag Decision Maker, based on 2007 Iowa Farm Custom Rate Survey",,http://www.extension.iastate.edu/agdm/crops/html/a1-22.html,,,,,,,
12,Switchgrass,,,,,3,22,Annual after yr1,Harvest,Custom,Fixed,Mow/conditioning,,$10.75 ,"Ag Decision Maker, based on 2007 Iowa Farm Custom Rate Survey",,http://www.extension.iastate.edu/agdm/crops/html/a1-22.html,,,,,,,
12,Switchgrass,,,,,4,22,Annual after yr1,Harvest,Custom,Fixed,Mow/conditioning,,$10.75 ,"Ag Decision Maker, based on 2007 Iowa Farm Custom Rate Survey",,http://www.extension.iastate.edu/agdm/crops/html/a1-22.html,,,,,,,
12,Switchgrass,,,,,5,22,Annual after yr1,Harvest,Custom,Fixed,Mow/conditioning,,$10.75 ,"Ag Decision Maker, based on 2007 Iowa Farm Custom Rate Survey",,http://www.extension.iastate.edu/agdm/crops/html/a1-22.html,,,,,,,
12,Switchgrass,,,,,6,22,Annual after yr1,Harvest,Custom,Fixed,Mow/conditioning,,$10.75 ,"Ag Decision Maker, based on 2007 Iowa Farm Custom Rate Survey",,http://www.extension.iastate.edu/agdm/crops/html/a1-22.html,,,,,,,
12,Switchgrass,,,,,7,22,Annual after yr1,Harvest,Custom,Fixed,Mow/conditioning,,$10.75 ,"Ag Decision Maker, based on 2007 Iowa Farm Custom Rate Survey",,http://www.extension.iastate.edu/agdm/crops/html/a1-22.html,,,,,,,
12,Switchgrass,,,,,8,22,Annual after yr1,Harvest,Custom,Fixed,Mow/conditioning,,$10.75 ,"Ag Decision Maker, based on 2007 Iowa Farm Custom Rate Survey",,http://www.extension.iastate.edu/agdm/crops/html/a1-22.html,,,,,,,
12,Switchgrass,,,,,9,22,Annual after yr1,Harvest,Custom,Fixed,Mow/conditioning,,$10.75 ,"Ag Decision Maker, based on 2007 Iowa Farm Custom Rate Survey",,http://www.extension.iastate.edu/agdm/crops/html/a1-22.html,,,,,,,
12,Switchgrass,,,,,10,22,Annual after yr1,Harvest,Custom,Fixed,Mow/conditioning,,$10.75 ,"Ag Decision Maker, based on 2007 Iowa Farm Custom Rate Survey",,http://www.extension.iastate.edu/agdm/crops/html/a1-22.html,,,,,,,
12,Switchgrass,,,,,11,22,Annual after yr1,Harvest,Custom,Fixed,Mow/conditioning,,$10.75 ,"Ag Decision Maker, based on 2007 Iowa Farm Custom Rate Survey",,http://www.extension.iastate.edu/agdm/crops/html/a1-22.html,,,,,,,
12,Switchgrass,,,,,2,22,Annual after yr1,Harvest,Custom,Fixed,Rake,,$5.30 ,"Ag Decision Maker, based on 2007 Iowa Farm Custom Rate Survey",,http://www.extension.iastate.edu/agdm/crops/html/a1-22.html,,,,,,,
12,Switchgrass,,,,,3,22,Annual after yr1,Harvest,Custom,Fixed,Rake,,$5.30 ,"Ag Decision Maker, based on 2007 Iowa Farm Custom Rate Survey",,http://www.extension.iastate.edu/agdm/crops/html/a1-22.html,,,,,,,
12,Switchgrass,,,,,4,22,Annual after yr1,Harvest,Custom,Fixed,Rake,,$5.30 ,"Ag Decision Maker, based on 2007 Iowa Farm Custom Rate Survey",,http://www.extension.iastate.edu/agdm/crops/html/a1-22.html,,,,,,,
12,Switchgrass,,,,,5,22,Annual after yr1,Harvest,Custom,Fixed,Rake,,$5.30 ,"Ag Decision Maker, based on 2007 Iowa Farm Custom Rate Survey",,http://www.extension.iastate.edu/agdm/crops/html/a1-22.html,,,,,,,
12,Switchgrass,,,,,6,22,Annual after yr1,Harvest,Custom,Fixed,Rake,,$5.30 ,"Ag Decision Maker, based on 2007 Iowa Farm Custom Rate Survey",,http://www.extension.iastate.edu/agdm/crops/html/a1-22.html,,,,,,,
12,Switchgrass,,,,,7,22,Annual after yr1,Harvest,Custom,Fixed,Rake,,$5.30 ,"Ag Decision Maker, based on 2007 Iowa Farm Custom Rate Survey",,http://www.extension.iastate.edu/agdm/crops/html/a1-22.html,,,,,,,
12,Switchgrass,,,,,8,22,Annual after yr1,Harvest,Custom,Fixed,Rake,,$5.30 ,"Ag Decision Maker, based on 2007 Iowa Farm Custom Rate Survey",,http://www.extension.iastate.edu/agdm/crops/html/a1-22.html,,,,,,,
12,Switchgrass,,,,,9,22,Annual after yr1,Harvest,Custom,Fixed,Rake,,$5.30 ,"Ag Decision Maker, based on 2007 Iowa Farm Custom Rate Survey",,http://www.extension.iastate.edu/agdm/crops/html/a1-22.html,,,,,,,
12,Switchgrass,,,,,10,22,Annual after yr1,Harvest,Custom,Fixed,Rake,,$5.30 ,"Ag Decision Maker, based on 2007 Iowa Farm Custom Rate Survey",,http://www.extension.iastate.edu/agdm/crops/html/a1-22.html,,,,,,,
12,Switchgrass,,,,,11,22,Annual after yr1,Harvest,Custom,Fixed,Rake,,$5.30 ,"Ag Decision Maker, based on 2007 Iowa Farm Custom Rate Survey",,http://www.extension.iastate.edu/agdm/crops/html/a1-22.html,,,,,,,
12,Switchgrass,,,,,2,22,Annual after yr1,Harvest,Custom,Variable,Baling: large square ($10.70 bale),,$90.09 ,"Ag Decision Maker, based on 2007 Iowa Farm Custom Rate Survey $10.70/bale WITH 8.42 BALES PER ACRE",,http://www.extension.iastate.edu/agdm/crops/html/a1-22.html,,,,,,,
12,Switchgrass,,,,,3,22,Annual after yr1,Harvest,Custom,Variable,Baling: large square ($10.70 bale),,$90.09 ,"Ag Decision Maker, based on 2007 Iowa Farm Custom Rate Survey $10.70/bale WITH 8.42 BALES PER ACRE",,http://www.extension.iastate.edu/agdm/crops/html/a1-22.html,,,,,,,
12,Switchgrass,,,,,4,22,Annual after yr1,Harvest,Custom,Variable,Baling: large square ($10.70 bale),,$90.09 ,"Ag Decision Maker, based on 2007 Iowa Farm Custom Rate Survey $10.70/bale WITH 8.42 BALES PER ACRE",,http://www.extension.iastate.edu/agdm/crops/html/a1-22.html,,,,,,,
12,Switchgrass,,,,,5,22,Annual after yr1,Harvest,Custom,Variable,Baling: large square ($10.70 bale),,$90.09 ,"Ag Decision Maker, based on 2007 Iowa Farm Custom Rate Survey $10.70/bale WITH 8.42 BALES PER ACRE",,http://www.extension.iastate.edu/agdm/crops/html/a1-22.html,,,,,,,
12,Switchgrass,,,,,6,22,Annual after yr1,Harvest,Custom,Variable,Baling: large square ($10.70 bale),,$90.09 ,"Ag Decision Maker, based on 2007 Iowa Farm Custom Rate Survey $10.70/bale WITH 8.42 BALES PER ACRE",,http://www.extension.iastate.edu/agdm/crops/html/a1-22.html,,,,,,,
12,Switchgrass,,,,,7,22,Annual after yr1,Harvest,Custom,Variable,Baling: large square ($10.70 bale),,$90.09 ,"Ag Decision Maker, based on 2007 Iowa Farm Custom Rate Survey $10.70/bale WITH 8.42 BALES PER ACRE",,http://www.extension.iastate.edu/agdm/crops/html/a1-22.html,,,,,,,
12,Switchgrass,,,,,8,22,Annual after yr1,Harvest,Custom,Variable,Baling: large square ($10.70 bale),,$90.09 ,"Ag Decision Maker, based on 2007 Iowa Farm Custom Rate Survey $10.70/bale WITH 8.42 BALES PER ACRE",,http://www.extension.iastate.edu/agdm/crops/html/a1-22.html,,,,,,,
12,Switchgrass,,,,,9,22,Annual after yr1,Harvest,Custom,Variable,Baling: large square ($10.70 bale),,$90.09 ,"Ag Decision Maker, based on 2007 Iowa Farm Custom Rate Survey $10.70/bale WITH 8.42 BALES PER ACRE",,http://www.extension.iastate.edu/agdm/crops/html/a1-22.html,,,,,,,
12,Switchgrass,,,,,10,22,Annual after yr1,Harvest,Custom,Variable,Baling: large square ($10.70 bale),,$90.09 ,"Ag Decision Maker, based on 2007 Iowa Farm Custom Rate Survey $10.70/bale WITH 8.42 BALES PER ACRE",,http://www.extension.iastate.edu/agdm/crops/html/a1-22.html,,,,,,,
12,Switchgrass,,,,,11,22,Annual after yr1,Harvest,Custom,Variable,Baling: large square ($10.70 bale),,$90.09 ,"Ag Decision Maker, based on 2007 Iowa Farm Custom Rate Survey $10.70/bale WITH 8.42 BALES PER ACRE",,http://www.extension.iastate.edu/agdm/crops/html/a1-22.html,,,,,,,
12,Switchgrass,,,,,2,22,Annual after yr1,Harvest,Custom,Variable,Staging,,$23.16 ,"Ag Decision Maker, based on 2007 Iowa Farm Custom Rate Survey $2.75/bale @8.42 bales per acre",,http://www.extension.iastate.edu/agdm/crops/html/a1-22.html,,,,,,,
12,Switchgrass,,,,,3,22,Annual after yr1,Harvest,Custom,Variable,Staging,,$23.16 ,"Ag Decision Maker, based on 2007 Iowa Farm Custom Rate Survey $2.75/bale @8.42 bales per acre",,http://www.extension.iastate.edu/agdm/crops/html/a1-22.html,,,,,,,
12,Switchgrass,,,,,4,22,Annual after yr1,Harvest,Custom,Variable,Staging,,$23.16 ,"Ag Decision Maker, based on 2007 Iowa Farm Custom Rate Survey $2.75/bale @8.42 bales per acre",,http://www.extension.iastate.edu/agdm/crops/html/a1-22.html,,,,,,,
12,Switchgrass,,,,,5,22,Annual after yr1,Harvest,Custom,Variable,Staging,,$23.16 ,"Ag Decision Maker, based on 2007 Iowa Farm Custom Rate Survey $2.75/bale @8.42 bales per acre",,http://www.extension.iastate.edu/agdm/crops/html/a1-22.html,,,,,,,
12,Switchgrass,,,,,6,22,Annual after yr1,Harvest,Custom,Variable,Staging,,$23.16 ,"Ag Decision Maker, based on 2007 Iowa Farm Custom Rate Survey $2.75/bale @8.42 bales per acre",,http://www.extension.iastate.edu/agdm/crops/html/a1-22.html,,,,,,,
12,Switchgrass,,,,,7,22,Annual after yr1,Harvest,Custom,Variable,Staging,,$23.16 ,"Ag Decision Maker, based on 2007 Iowa Farm Custom Rate Survey $2.75/bale @8.42 bales per acre",,http://www.extension.iastate.edu/agdm/crops/html/a1-22.html,,,,,,,
12,Switchgrass,,,,,8,22,Annual after yr1,Harvest,Custom,Variable,Staging,,$23.16 ,"Ag Decision Maker, based on 2007 Iowa Farm Custom Rate Survey $2.75/bale @8.42 bales per acre",,http://www.extension.iastate.edu/agdm/crops/html/a1-22.html,,,,,,,
12,Switchgrass,,,,,9,22,Annual after yr1,Harvest,Custom,Variable,Staging,,$23.16 ,"Ag Decision Maker, based on 2007 Iowa Farm Custom Rate Survey $2.75/bale @8.42 bales per acre",,http://www.extension.iastate.edu/agdm/crops/html/a1-22.html,,,,,,,
12,Switchgrass,,,,,10,22,Annual after yr1,Harvest,Custom,Variable,Staging,,$23.16 ,"Ag Decision Maker, based on 2007 Iowa Farm Custom Rate Survey $2.75/bale @8.42 bales per acre",,http://www.extension.iastate.edu/agdm/crops/html/a1-22.html,,,,,,,
12,Switchgrass,,,,,11,22,Annual after yr1,Harvest,Custom,Variable,Staging,,$23.16 ,"Ag Decision Maker, based on 2007 Iowa Farm Custom Rate Survey $2.75/bale @8.42 bales per acre",,http://www.extension.iastate.edu/agdm/crops/html/a1-22.html,,,,,,,
12,Switchgrass,,,,,2,0,Annual after yr1,Other,Custom,Fixed,Storage,,$16.67 ,"Ag Decision Maker, based on 2007 Iowa Farm Custom Rate Survey Assumes used for ethanol, therefore MUST be storage indoors. Storage Cost Per Ton",,http://www.extension.iastate.edu/agdm/crops/html/a1-22.html,,,,,,,
12,Switchgrass,,,,,3,0,Annual after yr1,Other,Custom,Fixed,Storage,,$16.67 ,"Ag Decision Maker, based on 2007 Iowa Farm Custom Rate Survey Assumes used for ethanol, therefore MUST be storage indoors. Storage Cost Per Ton",,http://www.extension.iastate.edu/agdm/crops/html/a1-22.html,,,,,,,
12,Switchgrass,,,,,4,0,Annual after yr1,Other,Custom,Fixed,Storage,,$16.67 ,"Ag Decision Maker, based on 2007 Iowa Farm Custom Rate Survey Assumes used for ethanol, therefore MUST be storage indoors. Storage Cost Per Ton",,http://www.extension.iastate.edu/agdm/crops/html/a1-22.html,,,,,,,
12,Switchgrass,,,,,5,0,Annual after yr1,Other,Custom,Fixed,Storage,,$16.67 ,"Ag Decision Maker, based on 2007 Iowa Farm Custom Rate Survey Assumes used for ethanol, therefore MUST be storage indoors. Storage Cost Per Ton",,http://www.extension.iastate.edu/agdm/crops/html/a1-22.html,,,,,,,
12,Switchgrass,,,,,6,0,Annual after yr1,Other,Custom,Fixed,Storage,,$16.67 ,"Ag Decision Maker, based on 2007 Iowa Farm Custom Rate Survey Assumes used for ethanol, therefore MUST be storage indoors. Storage Cost Per Ton",,http://www.extension.iastate.edu/agdm/crops/html/a1-22.html,,,,,,,
12,Switchgrass,,,,,7,0,Annual after yr1,Other,Custom,Fixed,Storage,,$16.67 ,"Ag Decision Maker, based on 2007 Iowa Farm Custom Rate Survey Assumes used for ethanol, therefore MUST be storage indoors. Storage Cost Per Ton",,http://www.extension.iastate.edu/agdm/crops/html/a1-22.html,,,,,,,
12,Switchgrass,,,,,8,0,Annual after yr1,Other,Custom,Fixed,Storage,,$16.67 ,"Ag Decision Maker, based on 2007 Iowa Farm Custom Rate Survey Assumes used for ethanol, therefore MUST be storage indoors. Storage Cost Per Ton",,http://www.extension.iastate.edu/agdm/crops/html/a1-22.html,,,,,,,
12,Switchgrass,,,,,9,0,Annual after yr1,Other,Custom,Fixed,Storage,,$16.67 ,"Ag Decision Maker, based on 2007 Iowa Farm Custom Rate Survey Assumes used for ethanol, therefore MUST be storage indoors. Storage Cost Per Ton",,http://www.extension.iastate.edu/agdm/crops/html/a1-22.html,,,,,,,
12,Switchgrass,,,,,10,0,Annual after yr1,Other,Custom,Fixed,Storage,,$16.67 ,"Ag Decision Maker, based on 2007 Iowa Farm Custom Rate Survey Assumes used for ethanol, therefore MUST be storage indoors. Storage Cost Per Ton",,http://www.extension.iastate.edu/agdm/crops/html/a1-22.html,,,,,,,
12,Switchgrass,,,,,11,0,Annual after yr1,Other,Custom,Fixed,Storage,,$16.67 ,"Ag Decision Maker, based on 2007 Iowa Farm Custom Rate Survey Assumes used for ethanol, therefore MUST be storage indoors. Storage Cost Per Ton",,http://www.extension.iastate.edu/agdm/crops/html/a1-22.html,,,,,,,
12,Switchgrass,,,,,2,22,Annual after yr1,Other,Custom,Variable,"Truck Labor, Field To Storage",0.615,$43.17 ,"Ag Decision Maker, based on 2007 Iowa Farm Custom Rate Survey Truck costs - $86.33     /2","Truck Costs, Field To Storage",http://www.extension.iastate.edu/agdm/crops/html/a1-22.html,,,,,,,
12,Switchgrass,,,,,3,22,Annual after yr1,Other,Custom,Variable,"Truck Labor, Field To Storage",0.615,$43.17 ,"Ag Decision Maker, based on 2007 Iowa Farm Custom Rate Survey Truck costs - $86.33     /2","Truck Costs, Field To Storage",http://www.extension.iastate.edu/agdm/crops/html/a1-22.html,,,,,,,
12,Switchgrass,,,,,4,22,Annual after yr1,Other,Custom,Variable,"Truck Labor, Field To Storage",0.615,$43.17 ,"Ag Decision Maker, based on 2007 Iowa Farm Custom Rate Survey Truck costs - $86.33     /2","Truck Costs, Field To Storage",http://www.extension.iastate.edu/agdm/crops/html/a1-22.html,,,,,,,
12,Switchgrass,,,,,5,22,Annual after yr1,Other,Custom,Variable,"Truck Labor, Field To Storage",0.615,$43.17 ,"Ag Decision Maker, based on 2007 Iowa Farm Custom Rate Survey Truck costs - $86.33     /2","Truck Costs, Field To Storage",http://www.extension.iastate.edu/agdm/crops/html/a1-22.html,,,,,,,
12,Switchgrass,,,,,6,22,Annual after yr1,Other,Custom,Variable,"Truck Labor, Field To Storage",0.615,$43.17 ,"Ag Decision Maker, based on 2007 Iowa Farm Custom Rate Survey Truck costs - $86.33     /2","Truck Costs, Field To Storage",http://www.extension.iastate.edu/agdm/crops/html/a1-22.html,,,,,,,
12,Switchgrass,,,,,7,22,Annual after yr1,Other,Custom,Variable,"Truck Labor, Field To Storage",0.615,$43.17 ,"Ag Decision Maker, based on 2007 Iowa Farm Custom Rate Survey Truck costs - $86.33     /2","Truck Costs, Field To Storage",http://www.extension.iastate.edu/agdm/crops/html/a1-22.html,,,,,,,
12,Switchgrass,,,,,8,22,Annual after yr1,Other,Custom,Variable,"Truck Labor, Field To Storage",0.615,$43.17 ,"Ag Decision Maker, based on 2007 Iowa Farm Custom Rate Survey Truck costs - $86.33     /2","Truck Costs, Field To Storage",http://www.extension.iastate.edu/agdm/crops/html/a1-22.html,,,,,,,
12,Switchgrass,,,,,9,22,Annual after yr1,Other,Custom,Variable,"Truck Labor, Field To Storage",0.615,$43.17 ,"Ag Decision Maker, based on 2007 Iowa Farm Custom Rate Survey Truck costs - $86.33     /2","Truck Costs, Field To Storage",http://www.extension.iastate.edu/agdm/crops/html/a1-22.html,,,,,,,
12,Switchgrass,,,,,10,22,Annual after yr1,Other,Custom,Variable,"Truck Labor, Field To Storage",0.615,$43.17 ,"Ag Decision Maker, based on 2007 Iowa Farm Custom Rate Survey Truck costs - $86.33     /2","Truck Costs, Field To Storage",http://www.extension.iastate.edu/agdm/crops/html/a1-22.html,,,,,,,
12,Switchgrass,,,,,11,22,Annual after yr1,Other,Custom,Variable,"Truck Labor, Field To Storage",0.615,$43.17 ,"Ag Decision Maker, based on 2007 Iowa Farm Custom Rate Survey Truck costs - $86.33     /2","Truck Costs, Field To Storage",http://www.extension.iastate.edu/agdm/crops/html/a1-22.html,,,,,,,
12,Switchgrass,,,,,2,23,Annual after yr1,Other,Custom,Variable,"Truck Labor, Field To Storage",0.615,$43.17 ,"Ag Decision Maker, based on 2007 Iowa Farm Custom Rate Survey Truck costs - $86.33     /2","Truck Costs, Field To Storage",http://www.extension.iastate.edu/agdm/crops/html/a1-22.html,,,,,,,
12,Switchgrass,,,,,3,23,Annual after yr1,Other,Custom,Variable,"Truck Labor, Field To Storage",0.615,$43.17 ,"Ag Decision Maker, based on 2007 Iowa Farm Custom Rate Survey Truck costs - $86.33     /2","Truck Costs, Field To Storage",http://www.extension.iastate.edu/agdm/crops/html/a1-22.html,,,,,,,
12,Switchgrass,,,,,4,23,Annual after yr1,Other,Custom,Variable,"Truck Labor, Field To Storage",0.615,$43.17 ,"Ag Decision Maker, based on 2007 Iowa Farm Custom Rate Survey Truck costs - $86.33     /2","Truck Costs, Field To Storage",http://www.extension.iastate.edu/agdm/crops/html/a1-22.html,,,,,,,
12,Switchgrass,,,,,5,23,Annual after yr1,Other,Custom,Variable,"Truck Labor, Field To Storage",0.615,$43.17 ,"Ag Decision Maker, based on 2007 Iowa Farm Custom Rate Survey Truck costs - $86.33     /2","Truck Costs, Field To Storage",http://www.extension.iastate.edu/agdm/crops/html/a1-22.html,,,,,,,
12,Switchgrass,,,,,6,23,Annual after yr1,Other,Custom,Variable,"Truck Labor, Field To Storage",0.615,$43.17 ,"Ag Decision Maker, based on 2007 Iowa Farm Custom Rate Survey Truck costs - $86.33     /2","Truck Costs, Field To Storage",http://www.extension.iastate.edu/agdm/crops/html/a1-22.html,,,,,,,
12,Switchgrass,,,,,7,23,Annual after yr1,Other,Custom,Variable,"Truck Labor, Field To Storage",0.615,$43.17 ,"Ag Decision Maker, based on 2007 Iowa Farm Custom Rate Survey Truck costs - $86.33     /2","Truck Costs, Field To Storage",http://www.extension.iastate.edu/agdm/crops/html/a1-22.html,,,,,,,
12,Switchgrass,,,,,8,23,Annual after yr1,Other,Custom,Variable,"Truck Labor, Field To Storage",0.615,$43.17 ,"Ag Decision Maker, based on 2007 Iowa Farm Custom Rate Survey Truck costs - $86.33     /2","Truck Costs, Field To Storage",http://www.extension.iastate.edu/agdm/crops/html/a1-22.html,,,,,,,
12,Switchgrass,,,,,9,23,Annual after yr1,Other,Custom,Variable,"Truck Labor, Field To Storage",0.615,$43.17 ,"Ag Decision Maker, based on 2007 Iowa Farm Custom Rate Survey Truck costs - $86.33     /2","Truck Costs, Field To Storage",http://www.extension.iastate.edu/agdm/crops/html/a1-22.html,,,,,,,
12,Switchgrass,,,,,10,23,Annual after yr1,Other,Custom,Variable,"Truck Labor, Field To Storage",0.615,$43.17 ,"Ag Decision Maker, based on 2007 Iowa Farm Custom Rate Survey Truck costs - $86.33     /2","Truck Costs, Field To Storage",http://www.extension.iastate.edu/agdm/crops/html/a1-22.html,,,,,,,
12,Switchgrass,,,,,11,23,Annual after yr1,Other,Custom,Variable,"Truck Labor, Field To Storage",0.615,$43.17 ,"Ag Decision Maker, based on 2007 Iowa Farm Custom Rate Survey Truck costs - $86.33     /2","Truck Costs, Field To Storage",http://www.extension.iastate.edu/agdm/crops/html/a1-22.html,,,,,,,
12,Switchgrass,,,,,2,22,Annual after yr1,Other,Custom,Variable,"Loader Labor, Field To Storage",0.415,$17.83 ,"Ag Decision Maker, based on 2007 Iowa Farm Custom Rate Survey Loader costs - $35.65   /2","Loader costs (labor, tractor, and fuel)",http://www.extension.iastate.edu/agdm/crops/html/a1-22.html,,,,,,,
12,Switchgrass,,,,,3,22,Annual after yr1,Other,Custom,Variable,"Loader Labor, Field To Storage",0.415,$17.83 ,"Ag Decision Maker, based on 2007 Iowa Farm Custom Rate Survey Loader costs - $35.65   /2","Loader costs (labor, tractor, and fuel)",http://www.extension.iastate.edu/agdm/crops/html/a1-22.html,,,,,,,
12,Switchgrass,,,,,4,22,Annual after yr1,Other,Custom,Variable,"Loader Labor, Field To Storage",0.415,$17.83 ,"Ag Decision Maker, based on 2007 Iowa Farm Custom Rate Survey Loader costs - $35.65   /2","Loader costs (labor, tractor, and fuel)",http://www.extension.iastate.edu/agdm/crops/html/a1-22.html,,,,,,,
12,Switchgrass,,,,,5,22,Annual after yr1,Other,Custom,Variable,"Loader Labor, Field To Storage",0.415,$17.83 ,"Ag Decision Maker, based on 2007 Iowa Farm Custom Rate Survey Loader costs - $35.65   /2","Loader costs (labor, tractor, and fuel)",http://www.extension.iastate.edu/agdm/crops/html/a1-22.html,,,,,,,
12,Switchgrass,,,,,6,22,Annual after yr1,Other,Custom,Variable,"Loader Labor, Field To Storage",0.415,$17.83 ,"Ag Decision Maker, based on 2007 Iowa Farm Custom Rate Survey Loader costs - $35.65   /2","Loader costs (labor, tractor, and fuel)",http://www.extension.iastate.edu/agdm/crops/html/a1-22.html,,,,,,,
12,Switchgrass,,,,,7,22,Annual after yr1,Other,Custom,Variable,"Loader Labor, Field To Storage",0.415,$17.83 ,"Ag Decision Maker, based on 2007 Iowa Farm Custom Rate Survey Loader costs - $35.65   /2","Loader costs (labor, tractor, and fuel)",http://www.extension.iastate.edu/agdm/crops/html/a1-22.html,,,,,,,
12,Switchgrass,,,,,8,22,Annual after yr1,Other,Custom,Variable,"Loader Labor, Field To Storage",0.415,$17.83 ,"Ag Decision Maker, based on 2007 Iowa Farm Custom Rate Survey Loader costs - $35.65   /2","Loader costs (labor, tractor, and fuel)",http://www.extension.iastate.edu/agdm/crops/html/a1-22.html,,,,,,,
12,Switchgrass,,,,,9,22,Annual after yr1,Other,Custom,Variable,"Loader Labor, Field To Storage",0.415,$17.83 ,"Ag Decision Maker, based on 2007 Iowa Farm Custom Rate Survey Loader costs - $35.65   /2","Loader costs (labor, tractor, and fuel)",http://www.extension.iastate.edu/agdm/crops/html/a1-22.html,,,,,,,
12,Switchgrass,,,,,10,22,Annual after yr1,Other,Custom,Variable,"Loader Labor, Field To Storage",0.415,$17.83 ,"Ag Decision Maker, based on 2007 Iowa Farm Custom Rate Survey Loader costs - $35.65   /2","Loader costs (labor, tractor, and fuel)",http://www.extension.iastate.edu/agdm/crops/html/a1-22.html,,,,,,,
12,Switchgrass,,,,,11,22,Annual after yr1,Other,Custom,Variable,"Loader Labor, Field To Storage",0.415,$17.83 ,"Ag Decision Maker, based on 2007 Iowa Farm Custom Rate Survey Loader costs - $35.65   /2","Loader costs (labor, tractor, and fuel)",http://www.extension.iastate.edu/agdm/crops/html/a1-22.html,,,,,,,
12,Switchgrass,,,,,2,23,Annual after yr1,Other,Custom,Variable,"Loader Labor, Field To Storage",0.415,$17.83 ,"Ag Decision Maker, based on 2007 Iowa Farm Custom Rate Survey Loader costs - $35.65   /2","Loader costs (labor, tractor, and fuel)",http://www.extension.iastate.edu/agdm/crops/html/a1-22.html,,,,,,,
12,Switchgrass,,,,,3,23,Annual after yr1,Other,Custom,Variable,"Loader Labor, Field To Storage",0.415,$17.83 ,"Ag Decision Maker, based on 2007 Iowa Farm Custom Rate Survey Loader costs - $35.65   /2","Loader costs (labor, tractor, and fuel)",http://www.extension.iastate.edu/agdm/crops/html/a1-22.html,,,,,,,
12,Switchgrass,,,,,4,23,Annual after yr1,Other,Custom,Variable,"Loader Labor, Field To Storage",0.415,$17.83 ,"Ag Decision Maker, based on 2007 Iowa Farm Custom Rate Survey Loader costs - $35.65   /2","Loader costs (labor, tractor, and fuel)",http://www.extension.iastate.edu/agdm/crops/html/a1-22.html,,,,,,,
12,Switchgrass,,,,,5,23,Annual after yr1,Other,Custom,Variable,"Loader Labor, Field To Storage",0.415,$17.83 ,"Ag Decision Maker, based on 2007 Iowa Farm Custom Rate Survey Loader costs - $35.65   /2","Loader costs (labor, tractor, and fuel)",http://www.extension.iastate.edu/agdm/crops/html/a1-22.html,,,,,,,
12,Switchgrass,,,,,6,23,Annual after yr1,Other,Custom,Variable,"Loader Labor, Field To Storage",0.415,$17.83 ,"Ag Decision Maker, based on 2007 Iowa Farm Custom Rate Survey Loader costs - $35.65   /2","Loader costs (labor, tractor, and fuel)",http://www.extension.iastate.edu/agdm/crops/html/a1-22.html,,,,,,,
12,Switchgrass,,,,,7,23,Annual after yr1,Other,Custom,Variable,"Loader Labor, Field To Storage",0.415,$17.83 ,"Ag Decision Maker, based on 2007 Iowa Farm Custom Rate Survey Loader costs - $35.65   /2","Loader costs (labor, tractor, and fuel)",http://www.extension.iastate.edu/agdm/crops/html/a1-22.html,,,,,,,
12,Switchgrass,,,,,8,23,Annual after yr1,Other,Custom,Variable,"Loader Labor, Field To Storage",0.415,$17.83 ,"Ag Decision Maker, based on 2007 Iowa Farm Custom Rate Survey Loader costs - $35.65   /2","Loader costs (labor, tractor, and fuel)",http://www.extension.iastate.edu/agdm/crops/html/a1-22.html,,,,,,,
12,Switchgrass,,,,,9,23,Annual after yr1,Other,Custom,Variable,"Loader Labor, Field To Storage",0.415,$17.83 ,"Ag Decision Maker, based on 2007 Iowa Farm Custom Rate Survey Loader costs - $35.65   /2","Loader costs (labor, tractor, and fuel)",http://www.extension.iastate.edu/agdm/crops/html/a1-22.html,,,,,,,
12,Switchgrass,,,,,10,23,Annual after yr1,Other,Custom,Variable,"Loader Labor, Field To Storage",0.415,$17.83 ,"Ag Decision Maker, based on 2007 Iowa Farm Custom Rate Survey Loader costs - $35.65   /2","Loader costs (labor, tractor, and fuel)",http://www.extension.iastate.edu/agdm/crops/html/a1-22.html,,,,,,,
12,Switchgrass,,,,,11,23,Annual after yr1,Other,Custom,Variable,"Loader Labor, Field To Storage",0.415,$17.83 ,"Ag Decision Maker, based on 2007 Iowa Farm Custom Rate Survey Loader costs - $35.65   /2","Loader costs (labor, tractor, and fuel)",http://www.extension.iastate.edu/agdm/crops/html/a1-22.html,,,,,,,
12,Switchgrass,,,,,2,22,Annual after yr1,Other,Custom,Variable,"Truck Labor, Storage To Plant",1.08,$75.84 ,"Ag Decision Maker, based on 2007 Iowa Farm Custom Rate Survey Truck costs - $151.67    /2","Truck Costs, Transportation to Storage",http://www.extension.iastate.edu/agdm/crops/html/a1-22.html,,,,,,,
12,Switchgrass,,,,,3,22,Annual after yr1,Other,Custom,Variable,"Truck Labor, Storage To Plant",1.08,$75.84 ,"Ag Decision Maker, based on 2007 Iowa Farm Custom Rate Survey Truck costs - $151.67    /2","Truck Costs, Transportation to Storage",http://www.extension.iastate.edu/agdm/crops/html/a1-22.html,,,,,,,
12,Switchgrass,,,,,4,22,Annual after yr1,Other,Custom,Variable,"Truck Labor, Storage To Plant",1.08,$75.84 ,"Ag Decision Maker, based on 2007 Iowa Farm Custom Rate Survey Truck costs - $151.67    /2","Truck Costs, Transportation to Storage",http://www.extension.iastate.edu/agdm/crops/html/a1-22.html,,,,,,,
12,Switchgrass,,,,,5,22,Annual after yr1,Other,Custom,Variable,"Truck Labor, Storage To Plant",1.08,$75.84 ,"Ag Decision Maker, based on 2007 Iowa Farm Custom Rate Survey Truck costs - $151.67    /2","Truck Costs, Transportation to Storage",http://www.extension.iastate.edu/agdm/crops/html/a1-22.html,,,,,,,
12,Switchgrass,,,,,6,22,Annual after yr1,Other,Custom,Variable,"Truck Labor, Storage To Plant",1.08,$75.84 ,"Ag Decision Maker, based on 2007 Iowa Farm Custom Rate Survey Truck costs - $151.67    /2","Truck Costs, Transportation to Storage",http://www.extension.iastate.edu/agdm/crops/html/a1-22.html,,,,,,,
12,Switchgrass,,,,,7,22,Annual after yr1,Other,Custom,Variable,"Truck Labor, Storage To Plant",1.08,$75.84 ,"Ag Decision Maker, based on 2007 Iowa Farm Custom Rate Survey Truck costs - $151.67    /2","Truck Costs, Transportation to Storage",http://www.extension.iastate.edu/agdm/crops/html/a1-22.html,,,,,,,
12,Switchgrass,,,,,8,22,Annual after yr1,Other,Custom,Variable,"Truck Labor, Storage To Plant",1.08,$75.84 ,"Ag Decision Maker, based on 2007 Iowa Farm Custom Rate Survey Truck costs - $151.67    /2","Truck Costs, Transportation to Storage",http://www.extension.iastate.edu/agdm/crops/html/a1-22.html,,,,,,,
12,Switchgrass,,,,,9,22,Annual after yr1,Other,Custom,Variable,"Truck Labor, Storage To Plant",1.08,$75.84 ,"Ag Decision Maker, based on 2007 Iowa Farm Custom Rate Survey Truck costs - $151.67    /2","Truck Costs, Transportation to Storage",http://www.extension.iastate.edu/agdm/crops/html/a1-22.html,,,,,,,
12,Switchgrass,,,,,10,22,Annual after yr1,Other,Custom,Variable,"Truck Labor, Storage To Plant",1.08,$75.84 ,"Ag Decision Maker, based on 2007 Iowa Farm Custom Rate Survey Truck costs - $151.67    /2","Truck Costs, Transportation to Storage",http://www.extension.iastate.edu/agdm/crops/html/a1-22.html,,,,,,,
12,Switchgrass,,,,,11,22,Annual after yr1,Other,Custom,Variable,"Truck Labor, Storage To Plant",1.08,$75.84 ,"Ag Decision Maker, based on 2007 Iowa Farm Custom Rate Survey Truck costs - $151.67    /2","Truck Costs, Transportation to Storage",http://www.extension.iastate.edu/agdm/crops/html/a1-22.html,,,,,,,
12,Switchgrass,,,,,2,23,Annual after yr1,Other,Custom,Variable,"Truck Labor, Storage To Plant",1.08,$75.84 ,"Ag Decision Maker, based on 2007 Iowa Farm Custom Rate Survey Truck costs - $151.67    /2","Truck Costs, Transportation to Storage",http://www.extension.iastate.edu/agdm/crops/html/a1-22.html,,,,,,,
12,Switchgrass,,,,,3,23,Annual after yr1,Other,Custom,Variable,"Truck Labor, Storage To Plant",1.08,$75.84 ,"Ag Decision Maker, based on 2007 Iowa Farm Custom Rate Survey Truck costs - $151.67    /2","Truck Costs, Transportation to Storage",http://www.extension.iastate.edu/agdm/crops/html/a1-22.html,,,,,,,
12,Switchgrass,,,,,4,23,Annual after yr1,Other,Custom,Variable,"Truck Labor, Storage To Plant",1.08,$75.84 ,"Ag Decision Maker, based on 2007 Iowa Farm Custom Rate Survey Truck costs - $151.67    /2","Truck Costs, Transportation to Storage",http://www.extension.iastate.edu/agdm/crops/html/a1-22.html,,,,,,,
12,Switchgrass,,,,,5,23,Annual after yr1,Other,Custom,Variable,"Truck Labor, Storage To Plant",1.08,$75.84 ,"Ag Decision Maker, based on 2007 Iowa Farm Custom Rate Survey Truck costs - $151.67    /2","Truck Costs, Transportation to Storage",http://www.extension.iastate.edu/agdm/crops/html/a1-22.html,,,,,,,
12,Switchgrass,,,,,6,23,Annual after yr1,Other,Custom,Variable,"Truck Labor, Storage To Plant",1.08,$75.84 ,"Ag Decision Maker, based on 2007 Iowa Farm Custom Rate Survey Truck costs - $151.67    /2","Truck Costs, Transportation to Storage",http://www.extension.iastate.edu/agdm/crops/html/a1-22.html,,,,,,,
12,Switchgrass,,,,,7,23,Annual after yr1,Other,Custom,Variable,"Truck Labor, Storage To Plant",1.08,$75.84 ,"Ag Decision Maker, based on 2007 Iowa Farm Custom Rate Survey Truck costs - $151.67    /2","Truck Costs, Transportation to Storage",http://www.extension.iastate.edu/agdm/crops/html/a1-22.html,,,,,,,
12,Switchgrass,,,,,8,23,Annual after yr1,Other,Custom,Variable,"Truck Labor, Storage To Plant",1.08,$75.84 ,"Ag Decision Maker, based on 2007 Iowa Farm Custom Rate Survey Truck costs - $151.67    /2","Truck Costs, Transportation to Storage",http://www.extension.iastate.edu/agdm/crops/html/a1-22.html,,,,,,,
12,Switchgrass,,,,,9,23,Annual after yr1,Other,Custom,Variable,"Truck Labor, Storage To Plant",1.08,$75.84 ,"Ag Decision Maker, based on 2007 Iowa Farm Custom Rate Survey Truck costs - $151.67    /2","Truck Costs, Transportation to Storage",http://www.extension.iastate.edu/agdm/crops/html/a1-22.html,,,,,,,
12,Switchgrass,,,,,10,23,Annual after yr1,Other,Custom,Variable,"Truck Labor, Storage To Plant",1.08,$75.84 ,"Ag Decision Maker, based on 2007 Iowa Farm Custom Rate Survey Truck costs - $151.67    /2","Truck Costs, Transportation to Storage",http://www.extension.iastate.edu/agdm/crops/html/a1-22.html,,,,,,,
12,Switchgrass,,,,,11,23,Annual after yr1,Other,Custom,Variable,"Truck Labor, Storage To Plant",1.08,$75.84 ,"Ag Decision Maker, based on 2007 Iowa Farm Custom Rate Survey Truck costs - $151.67    /2","Truck Costs, Transportation to Storage",http://www.extension.iastate.edu/agdm/crops/html/a1-22.html,,,,,,,
12,Switchgrass,,,,,2,22,Annual after yr1,Other,Custom,Variable,"Loader Labor, Storage to plant",0.25,$10.70 ,"Ag Decision Maker, based on 2007 Iowa Farm Custom Rate Survey Loader cost - 21.39   /2","Loader costs (labor, tractor, and fuel)",http://www.extension.iastate.edu/agdm/crops/html/a1-22.html,,,,,,,
12,Switchgrass,,,,,3,22,Annual after yr1,Other,Custom,Variable,"Loader Labor, Storage to plant",0.25,$10.70 ,"Ag Decision Maker, based on 2007 Iowa Farm Custom Rate Survey Loader cost - 21.39   /2","Loader costs (labor, tractor, and fuel)",http://www.extension.iastate.edu/agdm/crops/html/a1-22.html,,,,,,,
12,Switchgrass,,,,,4,22,Annual after yr1,Other,Custom,Variable,"Loader Labor, Storage to plant",0.25,$10.70 ,"Ag Decision Maker, based on 2007 Iowa Farm Custom Rate Survey Loader cost - 21.39   /2","Loader costs (labor, tractor, and fuel)",http://www.extension.iastate.edu/agdm/crops/html/a1-22.html,,,,,,,
12,Switchgrass,,,,,5,22,Annual after yr1,Other,Custom,Variable,"Loader Labor, Storage to plant",0.25,$10.70 ,"Ag Decision Maker, based on 2007 Iowa Farm Custom Rate Survey Loader cost - 21.39   /2","Loader costs (labor, tractor, and fuel)",http://www.extension.iastate.edu/agdm/crops/html/a1-22.html,,,,,,,
12,Switchgrass,,,,,6,22,Annual after yr1,Other,Custom,Variable,"Loader Labor, Storage to plant",0.25,$10.70 ,"Ag Decision Maker, based on 2007 Iowa Farm Custom Rate Survey Loader cost - 21.39   /2","Loader costs (labor, tractor, and fuel)",http://www.extension.iastate.edu/agdm/crops/html/a1-22.html,,,,,,,
12,Switchgrass,,,,,7,22,Annual after yr1,Other,Custom,Variable,"Loader Labor, Storage to plant",0.25,$10.70 ,"Ag Decision Maker, based on 2007 Iowa Farm Custom Rate Survey Loader cost - 21.39   /2","Loader costs (labor, tractor, and fuel)",http://www.extension.iastate.edu/agdm/crops/html/a1-22.html,,,,,,,
12,Switchgrass,,,,,8,22,Annual after yr1,Other,Custom,Variable,"Loader Labor, Storage to plant",0.25,$10.70 ,"Ag Decision Maker, based on 2007 Iowa Farm Custom Rate Survey Loader cost - 21.39   /2","Loader costs (labor, tractor, and fuel)",http://www.extension.iastate.edu/agdm/crops/html/a1-22.html,,,,,,,
12,Switchgrass,,,,,9,22,Annual after yr1,Other,Custom,Variable,"Loader Labor, Storage to plant",0.25,$10.70 ,"Ag Decision Maker, based on 2007 Iowa Farm Custom Rate Survey Loader cost - 21.39   /2","Loader costs (labor, tractor, and fuel)",http://www.extension.iastate.edu/agdm/crops/html/a1-22.html,,,,,,,
12,Switchgrass,,,,,10,22,Annual after yr1,Other,Custom,Variable,"Loader Labor, Storage to plant",0.25,$10.70 ,"Ag Decision Maker, based on 2007 Iowa Farm Custom Rate Survey Loader cost - 21.39   /2","Loader costs (labor, tractor, and fuel)",http://www.extension.iastate.edu/agdm/crops/html/a1-22.html,,,,,,,
12,Switchgrass,,,,,11,22,Annual after yr1,Other,Custom,Variable,"Loader Labor, Storage to plant",0.25,$10.70 ,"Ag Decision Maker, based on 2007 Iowa Farm Custom Rate Survey Loader cost - 21.39   /2","Loader costs (labor, tractor, and fuel)",http://www.extension.iastate.edu/agdm/crops/html/a1-22.html,,,,,,,
12,Switchgrass,,,,,2,23,Annual after yr1,Other,Custom,Variable,"Loader Labor, Storage to plant",0.25,$10.70 ,"Ag Decision Maker, based on 2007 Iowa Farm Custom Rate Survey Loader cost - 21.39   /2","Loader costs (labor, tractor, and fuel)",http://www.extension.iastate.edu/agdm/crops/html/a1-22.html,,,,,,,
12,Switchgrass,,,,,3,23,Annual after yr1,Other,Custom,Variable,"Loader Labor, Storage to plant",0.25,$10.70 ,"Ag Decision Maker, based on 2007 Iowa Farm Custom Rate Survey Loader cost - 21.39   /2","Loader costs (labor, tractor, and fuel)",http://www.extension.iastate.edu/agdm/crops/html/a1-22.html,,,,,,,
12,Switchgrass,,,,,4,23,Annual after yr1,Other,Custom,Variable,"Loader Labor, Storage to plant",0.25,$10.70 ,"Ag Decision Maker, based on 2007 Iowa Farm Custom Rate Survey Loader cost - 21.39   /2","Loader costs (labor, tractor, and fuel)",http://www.extension.iastate.edu/agdm/crops/html/a1-22.html,,,,,,,
12,Switchgrass,,,,,5,23,Annual after yr1,Other,Custom,Variable,"Loader Labor, Storage to plant",0.25,$10.70 ,"Ag Decision Maker, based on 2007 Iowa Farm Custom Rate Survey Loader cost - 21.39   /2","Loader costs (labor, tractor, and fuel)",http://www.extension.iastate.edu/agdm/crops/html/a1-22.html,,,,,,,
12,Switchgrass,,,,,6,23,Annual after yr1,Other,Custom,Variable,"Loader Labor, Storage to plant",0.25,$10.70 ,"Ag Decision Maker, based on 2007 Iowa Farm Custom Rate Survey Loader cost - 21.39   /2","Loader costs (labor, tractor, and fuel)",http://www.extension.iastate.edu/agdm/crops/html/a1-22.html,,,,,,,
12,Switchgrass,,,,,7,23,Annual after yr1,Other,Custom,Variable,"Loader Labor, Storage to plant",0.25,$10.70 ,"Ag Decision Maker, based on 2007 Iowa Farm Custom Rate Survey Loader cost - 21.39   /2","Loader costs (labor, tractor, and fuel)",http://www.extension.iastate.edu/agdm/crops/html/a1-22.html,,,,,,,
12,Switchgrass,,,,,8,23,Annual after yr1,Other,Custom,Variable,"Loader Labor, Storage to plant",0.25,$10.70 ,"Ag Decision Maker, based on 2007 Iowa Farm Custom Rate Survey Loader cost - 21.39   /2","Loader costs (labor, tractor, and fuel)",http://www.extension.iastate.edu/agdm/crops/html/a1-22.html,,,,,,,
12,Switchgrass,,,,,9,23,Annual after yr1,Other,Custom,Variable,"Loader Labor, Storage to plant",0.25,$10.70 ,"Ag Decision Maker, based on 2007 Iowa Farm Custom Rate Survey Loader cost - 21.39   /2","Loader costs (labor, tractor, and fuel)",http://www.extension.iastate.edu/agdm/crops/html/a1-22.html,,,,,,,
12,Switchgrass,,,,,10,23,Annual after yr1,Other,Custom,Variable,"Loader Labor, Storage to plant",0.25,$10.70 ,"Ag Decision Maker, based on 2007 Iowa Farm Custom Rate Survey Loader cost - 21.39   /2","Loader costs (labor, tractor, and fuel)",http://www.extension.iastate.edu/agdm/crops/html/a1-22.html,,,,,,,
12,Switchgrass,,,,,11,23,Annual after yr1,Other,Custom,Variable,"Loader Labor, Storage to plant",0.25,$10.70 ,"Ag Decision Maker, based on 2007 Iowa Farm Custom Rate Survey Loader cost - 21.39   /2","Loader costs (labor, tractor, and fuel)",http://www.extension.iastate.edu/agdm/crops/html/a1-22.html,,,,,,,
2,Conservation Corn,Corn after Corn,Acre,,,1,,Annual,Preharvest,Equipment,Fixed,Chisel plow ,,$3.60 ,,,https://www.extension.iastate.edu/agdm/crops/html/a1-20.html,,,,,,,
2,Conservation Corn,Corn after Corn,Acre,,,1,,Annual,Preharvest,Equipment,Variable,Chisel plow ,,$3.90 ,,,https://www.extension.iastate.edu/agdm/crops/html/a1-20.html,,,,,,,
2,Conservation Corn,Corn after Corn,Acre,,,1,,Annual,Preharvest,Equipment,Fixed,Tandem disk ,,$4.60 ,,,https://www.extension.iastate.edu/agdm/crops/html/a1-20.html,,,,,,,
2,Conservation Corn,Corn after Corn,Acre,,,1,,Annual,Preharvest,Equipment,Variable,Tandem disk ,,$3.40 ,,,https://www.extension.iastate.edu/agdm/crops/html/a1-20.html,,,,,,,
2,Conservation Corn,Corn after Corn,Acre,,,1,,Annual,Preharvest,Equipment,Fixed,Apply nitrogen ,,$4.30 ,,,https://www.extension.iastate.edu/agdm/crops/html/a1-20.html,,,,,,,
2,Conservation Corn,Corn after Corn,Acre,,,1,,Annual,Preharvest,Equipment,Variable,Apply nitrogen ,,$4.40 ,,,https://www.extension.iastate.edu/agdm/crops/html/a1-20.html,,,,,,,
2,Conservation Corn,Corn after Corn,Acre,,,1,,Annual,Preharvest,Equipment,Fixed,Field cultivate ,,$2.70 ,,,https://www.extension.iastate.edu/agdm/crops/html/a1-20.html,,,,,,,
2,Conservation Corn,Corn after Corn,Acre,,,1,,Annual,Preharvest,Equipment,Variable,Field cultivate ,,$2.70 ,,,https://www.extension.iastate.edu/agdm/crops/html/a1-20.html,,,,,,,
2,Conservation Corn,Corn after Corn,Acre,,,1,,Annual,Preharvest,Equipment,Fixed,Plant ,,$5.90 ,,,https://www.extension.iastate.edu/agdm/crops/html/a1-20.html,,,,,,,
2,Conservation Corn,Corn after Corn,Acre,,,1,,Annual,Preharvest,Equipment,Variable,Plant ,,$4.80 ,,,https://www.extension.iastate.edu/agdm/crops/html/a1-20.html,,,,,,,
2,Conservation Corn,Corn after Corn,Acre,,,1,,Annual,Preharvest,Equipment,Fixed,Spray ,,$2.20 ,,,https://www.extension.iastate.edu/agdm/crops/html/a1-20.html,,,,,,,
2,Conservation Corn,Corn after Corn,Acre,,,1,,Annual,Preharvest,Equipment,Variable,Spray ,,$2.00 ,,,https://www.extension.iastate.edu/agdm/crops/html/a1-20.html,,,,,,,
2,Conservation Corn,Corn after Corn,Acre,,,1,,Annual,Preharvest,Input,Variable,Seed ,,$95.80 ,"$3.19/1000 kernels * 30,000 kernels/acre",,https://www.extension.iastate.edu/agdm/crops/html/a1-20.html,,,,,,,
2,Conservation Corn,Corn after Corn,Acre,,,1,,Annual,Preharvest,Input,Variable,Nitrogen ,,$70.68 ,$0.38/lb * 186 lbs/acre,,https://www.extension.iastate.edu/agdm/crops/html/a1-20.html,,,,,,,
2,Conservation Corn,Corn after Corn,Acre,,,1,,Annual,Preharvest,Input,Variable,Phosphate,,$28.56 ,$0.42/lb * 68 lbs/acre,,https://www.extension.iastate.edu/agdm/crops/html/a1-20.html,,,,,,,
2,Conservation Corn,Corn after Corn,Acre,,,1,,Annual,Preharvest,Input,Variable,Potash ,,$17.05 ,$0.31/lb * 55 lbs/acre,,https://www.extension.iastate.edu/agdm/crops/html/a1-20.html,,,,,,,
2,Conservation Corn,Corn after Corn,Acre,,,1,,Annual,Preharvest,Input,Variable,Lime ,,$5.71 ,,,https://www.extension.iastate.edu/agdm/crops/html/a1-20.html,,,,,,,
2,Conservation Corn,Corn after Corn,Acre,,,1,,Annual,Preharvest,Input,Variable,Herbicide ,,$48.36 ,,,https://www.extension.iastate.edu/agdm/crops/html/a1-20.html,,,,,,,
2,Conservation Corn,Corn after Corn,Acre,,,1,,Annual,Preharvest,Input,Variable,Insecticide,,$15.16 ,,,https://www.extension.iastate.edu/agdm/crops/html/a1-20.html,,,,,,,
2,Conservation Corn,Corn after Corn,Acre,,,1,,Annual,Constant,Other,Variable,Crop Insurance,,$9.50 ,,,https://www.extension.iastate.edu/agdm/crops/html/a1-20.html,,,,,,,
2,Conservation Corn,Corn after Corn,Acre,,,1,,Annual,Constant,Other,Variable,Miscellaneous,,$10.00 ,,,https://www.extension.iastate.edu/agdm/crops/html/a1-20.html,,,,,,,
2,Conservation Corn,Corn after Corn,Acre,,,1,,Annual,Constant,Other,Variable,Interest on preharvest variable costs,,$12.88 ,6.0% for 8 months,,https://www.extension.iastate.edu/agdm/crops/html/a1-20.html,,,,,,,
2,Conservation Corn,Corn after Corn,Acre,,,1,,Annual,Harvest,Equipment,Fixed,Combine ,,$13.10 ,,,https://www.extension.iastate.edu/agdm/crops/html/a1-20.html,,,,,,,
2,Conservation Corn,Corn after Corn,Acre,,,1,,Annual,Harvest,Equipment,Variable,Combine,,$6.70 ,,,https://www.extension.iastate.edu/agdm/crops/html/a1-20.html,,,,,,,
2,Conservation Corn,Corn after Corn,Acre,,,1,,Annual,Harvest,Equipment,Fixed,Grain Cart ,,$6.30 ,,,https://www.extension.iastate.edu/agdm/crops/html/a1-20.html,,,,,,,
2,Conservation Corn,Corn after Corn,Acre,,,1,,Annual,Harvest,Equipment,Variable,Grain Cart ,,$3.00 ,,,https://www.extension.iastate.edu/agdm/crops/html/a1-20.html,,,,,,,
2,Conservation Corn,Corn after Corn,Acre,,,1,,Annual,Harvest,Equipment,Fixed ,Haul ,,$7.94 ,$0.04/bushel * 182 bushels/acre,,https://www.extension.iastate.edu/agdm/crops/html/a1-20.html,,,,,,,
2,Conservation Corn,Corn after Corn,Acre,,,1,,Annual,Harvest,Equipment,Variable,Haul ,,$6.87 ,$0.04/bushel * 182 bushels/acre,,https://www.extension.iastate.edu/agdm/crops/html/a1-20.html,,,,,,,
2,Conservation Corn,Corn after Corn,Acre,,,1,,Annual,Harvest,Equipment,Fixed ,Drying ,,$9.10 ,$0.05/bushel * 182 bushels/acre,,https://www.extension.iastate.edu/agdm/crops/html/a1-20.html,,,,,,,
2,Conservation Corn,Corn after Corn,Acre,,,1,,Annual,Harvest,Equipment,Variable ,Drying ,,$30.14 ,$0.17/bushel * 182 bushels/acre,,https://www.extension.iastate.edu/agdm/crops/html/a1-20.html,,,,,,,
2,Conservation Corn,Corn after Corn,Acre,,,1,,Annual,Harvest,Equipment,Fixed,Handling ,,$3.21 ,$0.02/bushel * 182 bushels/acre,,https://www.extension.iastate.edu/agdm/crops/html/a1-20.html,,,,,,,
2,Conservation Corn,Corn after Corn,Acre,,,1,,Annual,Harvest,Equipment,Variable,Handling,,$3.52 ,$0.02/bushel * 182 bushels/acre,,https://www.extension.iastate.edu/agdm/crops/html/a1-20.html,,,,,,,
2,Conservation Corn,Corn after Corn,Acre,,,1,1,Annual,Other,Labor,Variable,Labor - Operator,0.073684211,$1.05 ,2.8 hrs/acre * $14.25/hr * .026315789,,https://www.extension.iastate.edu/agdm/crops/html/a1-20.html,,,,,,,
2,Conservation Corn,Corn after Corn,Acre,,,1,2,Annual,Other,Labor,Variable,Labor - Operator,0.073684211,$1.05 ,2.8 hrs/acre * $14.25/hr * .026315789,,https://www.extension.iastate.edu/agdm/crops/html/a1-20.html,,,,,,,
2,Conservation Corn,Corn after Corn,Acre,,,1,3,Annual,Other,Labor,Variable,Labor - Operator,0.073684211,$1.05 ,2.8 hrs/acre * $14.25/hr * .026315789,,https://www.extension.iastate.edu/agdm/crops/html/a1-20.html,,,,,,,
2,Conservation Corn,Corn after Corn,Acre,,,1,4,Annual,Other,Labor,Variable,Labor - Operator,0.073684211,$1.05 ,2.8 hrs/acre * $14.25/hr * .026315789,,https://www.extension.iastate.edu/agdm/crops/html/a1-20.html,,,,,,,
2,Conservation Corn,Corn after Corn,Acre,,,1,5,Annual,Other,Labor,Variable,Labor - Operator,0.073684211,$1.05 ,2.8 hrs/acre * $14.25/hr * .026315789,,https://www.extension.iastate.edu/agdm/crops/html/a1-20.html,,,,,,,
2,Conservation Corn,Corn after Corn,Acre,,,1,6,Annual,Other,Labor,Variable,Labor - Operator,0.073684211,$1.05 ,2.8 hrs/acre * $14.25/hr * .026315789,,https://www.extension.iastate.edu/agdm/crops/html/a1-20.html,,,,,,,
2,Conservation Corn,Corn after Corn,Acre,,,1,7,Annual,Other,Labor,Variable,Labor - Operator,0.073684211,$1.05 ,2.8 hrs/acre * $14.25/hr * .026315789,,https://www.extension.iastate.edu/agdm/crops/html/a1-20.html,,,,,,,
2,Conservation Corn,Corn after Corn,Acre,,,1,8,Annual,Preharvest,Labor,Variable,Labor - Operator - Planting,0.221052632,$3.15 ,2.8 hrs/acre * $14.25/hr * .078947368,,https://www.extension.iastate.edu/agdm/crops/html/a1-20.html,,,,,,,
2,Conservation Corn,Corn after Corn,Acre,,,1,9,Annual,Preharvest,Labor,Variable,Labor - Operator - Application,0.221052632,$3.15 ,2.8 hrs/acre * $14.25/hr * .078947368,,https://www.extension.iastate.edu/agdm/crops/html/a1-20.html,,,,,,,
2,Conservation Corn,Corn after Corn,Acre,,,1,10,Annual,Preharvest,Labor,Variable,Labor - Operator - Application,0.221052632,$3.15 ,2.8 hrs/acre * $14.25/hr * .078947368,,https://www.extension.iastate.edu/agdm/crops/html/a1-20.html,,,,,,,
2,Conservation Corn,Corn after Corn,Acre,,,1,11,Annual,Other,Labor,Variable,Labor - Operator,0.073684211,$1.05 ,2.8 hrs/acre * $14.25/hr * .026315789,,https://www.extension.iastate.edu/agdm/crops/html/a1-20.html,,,,,,,
2,Conservation Corn,Corn after Corn,Acre,,,1,12,Annual,Other,Labor,Variable,Labor - Operator,0.073684211,$1.05 ,2.8 hrs/acre * $14.25/hr * .026315789,,https://www.extension.iastate.edu/agdm/crops/html/a1-20.html,,,,,,,
2,Conservation Corn,Corn after Corn,Acre,,,1,13,Annual,Other,Labor,Variable,Labor - Operator,0.073684211,$1.05 ,2.8 hrs/acre * $14.25/hr * .026315789,,https://www.extension.iastate.edu/agdm/crops/html/a1-20.html,,,,,,,
2,Conservation Corn,Corn after Corn,Acre,,,1,14,Annual,Other,Labor,Variable,Labor - Operator,0.073684211,$1.05 ,2.8 hrs/acre * $14.25/hr * .026315789,,https://www.extension.iastate.edu/agdm/crops/html/a1-20.html,,,,,,,
2,Conservation Corn,Corn after Corn,Acre,,,1,15,Annual,Other,Labor,Variable,Labor - Operator,0.073684211,$1.05 ,2.8 hrs/acre * $14.25/hr * .026315789,,https://www.extension.iastate.edu/agdm/crops/html/a1-20.html,,,,,,,
2,Conservation Corn,Corn after Corn,Acre,,,1,16,Annual,Other,Labor,Variable,Labor - Operator,0.073684211,$1.05 ,2.8 hrs/acre * $14.25/hr * .026315789,,https://www.extension.iastate.edu/agdm/crops/html/a1-20.html,,,,,,,
2,Conservation Corn,Corn after Corn,Acre,,,1,17,Annual,Other,Labor,Variable,Labor - Operator,0.073684211,$1.05 ,2.8 hrs/acre * $14.25/hr * .026315789,,https://www.extension.iastate.edu/agdm/crops/html/a1-20.html,,,,,,,
2,Conservation Corn,Corn after Corn,Acre,,,1,18,Annual,Other,Labor,Variable,Labor - Operator,0.073684211,$1.05 ,2.8 hrs/acre * $14.25/hr * .026315789,,https://www.extension.iastate.edu/agdm/crops/html/a1-20.html,,,,,,,
2,Conservation Corn,Corn after Corn,Acre,,,1,19,Annual,Harvest,Labor,Variable,Labor - Operator - Harvest,0.221052632,$3.15 ,2.8 hrs/acre * $14.25/hr * .078947368,,https://www.extension.iastate.edu/agdm/crops/html/a1-20.html,,,,,,,
2,Conservation Corn,Corn after Corn,Acre,,,1,20,Annual,Harvest,Labor,Variable,Labor - Operator - Harvest,0.221052632,$3.15 ,2.8 hrs/acre * $14.25/hr * .078947368,,https://www.extension.iastate.edu/agdm/crops/html/a1-20.html,,,,,,,
2,Conservation Corn,Corn after Corn,Acre,,,1,21,Annual,Harvest,Labor,Variable,Labor - Operator - Harvest,0.221052632,$3.15 ,2.8 hrs/acre * $14.25/hr * .078947368,,https://www.extension.iastate.edu/agdm/crops/html/a1-20.html,,,,,,,
2,Conservation Corn,Corn after Corn,Acre,,,1,22,Annual,Harvest,Labor,Variable,Labor - Operator - Harvest,0.221052632,$3.15 ,2.8 hrs/acre * $14.25/hr * .078947368,,https://www.extension.iastate.edu/agdm/crops/html/a1-20.html,,,,,,,
2,Conservation Corn,Corn after Corn,Acre,,,1,23,Annual,Other,Labor,Variable,Labor - Operator,0.073684211,$1.05 ,2.8 hrs/acre * $14.25/hr * .026315789,,https://www.extension.iastate.edu/agdm/crops/html/a1-20.html,,,,,,,
2,Conservation Corn,Corn after Corn,Acre,,,1,24,Annual,Other,Labor,Variable,Labor - Operator,0.073684211,$1.05 ,2.8 hrs/acre * $14.25/hr * .026315789,,https://www.extension.iastate.edu/agdm/crops/html/a1-20.html,,,,,,,
2,Conservation Corn,Corn after Corn,Acre,,,1,,Annual,Other,Other,Fixed,Cash Rent Equivalent ,,$223.00 ,$223/acre,,https://www.extension.iastate.edu/agdm/crops/html/a1-20.html,,,,,,,
2,Conservation Corn,Corn after Soybean,Acre,,,1,,Annual,Preharvest,Equipment,Fixed,Tandem disk ,,$4.60 ,,,https://www.extension.iastate.edu/agdm/crops/html/a1-20.html,,,,,,,
2,Conservation Corn,Corn after Soybean,Acre,,,1,,Annual,Preharvest,Equipment,Variable,Tandem disk ,,$3.40 ,,,https://www.extension.iastate.edu/agdm/crops/html/a1-20.html,,,,,,,
2,Conservation Corn,Corn after Soybean,Acre,,,1,,Annual,Preharvest,Equipment,Fixed,Apply nitrogen ,,$4.30 ,,,https://www.extension.iastate.edu/agdm/crops/html/a1-20.html,,,,,,,
2,Conservation Corn,Corn after Soybean,Acre,,,1,,Annual,Preharvest,Equipment,Variable,Apply nitrogen ,,$4.40 ,,,https://www.extension.iastate.edu/agdm/crops/html/a1-20.html,,,,,,,
2,Conservation Corn,Corn after Soybean,Acre,,,1,,Annual,Preharvest,Equipment,Fixed,Field cultivate ,,$2.70 ,,,https://www.extension.iastate.edu/agdm/crops/html/a1-20.html,,,,,,,
2,Conservation Corn,Corn after Soybean,Acre,,,1,,Annual,Preharvest,Equipment,Variable,Field cultivate ,,$2.70 ,,,https://www.extension.iastate.edu/agdm/crops/html/a1-20.html,,,,,,,
2,Conservation Corn,Corn after Soybean,Acre,,,1,,Annual,Preharvest,Equipment,Fixed,Plant ,,$5.90 ,,,https://www.extension.iastate.edu/agdm/crops/html/a1-20.html,,,,,,,
2,Conservation Corn,Corn after Soybean,Acre,,,1,,Annual,Preharvest,Equipment,Variable,Plant ,,$4.80 ,,,https://www.extension.iastate.edu/agdm/crops/html/a1-20.html,,,,,,,
2,Conservation Corn,Corn after Soybean,Acre,,,1,,Annual,Preharvest,Equipment,Fixed,Spray ,,$2.20 ,,,https://www.extension.iastate.edu/agdm/crops/html/a1-20.html,,,,,,,
2,Conservation Corn,Corn after Soybean,Acre,,,1,,Annual,Preharvest,Equipment,Variable,Spray ,,$2.00 ,,,https://www.extension.iastate.edu/agdm/crops/html/a1-20.html,,,,,,,
2,Conservation Corn,Corn after Soybean,Acre,,,1,,Annual,Preharvest,Input,Variable,Seed ,,$95.80 ,"$3.19/1000 kernels * 30,000 kernels/acre",,https://www.extension.iastate.edu/agdm/crops/html/a1-20.html,,,,,,,
2,Conservation Corn,Corn after Soybean,Acre,,,1,,Annual,Preharvest,Input,Variable,Nitrogen,,$49.78 ,$0.38/lb * 131 lbs/acre,,https://www.extension.iastate.edu/agdm/crops/html/a1-20.html,,,,,,,
2,Conservation Corn,Corn after Soybean,Acre,,,1,,Annual,Preharvest,Input,Variable,Phosphate ,,$31.08 ,$0.42/lb * 74 lbs/acre,,https://www.extension.iastate.edu/agdm/crops/html/a1-20.html,,,,,,,
2,Conservation Corn,Corn after Soybean,Acre,,,1,,Annual,Preharvest,Input,Variable,Potash ,,$18.29 ,$0.31/lb * 59 lbs/acre,,https://www.extension.iastate.edu/agdm/crops/html/a1-20.html,,,,,,,
2,Conservation Corn,Corn after Soybean,Acre,,,1,,Annual,Preharvest,Input,Variable,Lime,,$5.71 ,,,https://www.extension.iastate.edu/agdm/crops/html/a1-20.html,,,,,,,
2,Conservation Corn,Corn after Soybean,Acre,,,1,,Annual,Preharvest,Input,Variable,Herbicide ,,$48.36 ,,,https://www.extension.iastate.edu/agdm/crops/html/a1-20.html,,,,,,,
2,Conservation Corn,Corn after Soybean,Acre,,,1,,Annual,Constant,Other,Variable,Crop Insurance,,$9.50 ,,,https://www.extension.iastate.edu/agdm/crops/html/a1-20.html,,,,,,,
2,Conservation Corn,Corn after Soybean,Acre,,,1,,Annual,Constant,Other,Variable,Miscellaneous,,$10.00 ,,,https://www.extension.iastate.edu/agdm/crops/html/a1-20.html,,,,,,,
2,Conservation Corn,Corn after Soybean,Acre,,,1,,Annual,Harvest,Equipment,Fixed,Combine ,,$13.10 ,,,https://www.extension.iastate.edu/agdm/crops/html/a1-20.html,,,,,,,
2,Conservation Corn,Corn after Soybean,Acre,,,1,,Annual,Harvest,Equipment,Variable,Combine ,,$6.70 ,,,https://www.extension.iastate.edu/agdm/crops/html/a1-20.html,,,,,,,
2,Conservation Corn,Corn after Soybean,Acre,,,1,,Annual,Harvest,Equipment,Fixed,Grain Cart ,,$6.30 ,,,https://www.extension.iastate.edu/agdm/crops/html/a1-20.html,,,,,,,
2,Conservation Corn,Corn after Soybean,Acre,,,1,,Annual,Harvest,Equipment,Variable,Grain Cart ,,$3.00 ,,,https://www.extension.iastate.edu/agdm/crops/html/a1-20.html,,,,,,,
2,Conservation Corn,Corn after Soybean,Acre,,,1,,Annual,Harvest,Equipment,Fixed,Haul,,$8.64 ,$0.04/bushel * 198 bushels/acre,,https://www.extension.iastate.edu/agdm/crops/html/a1-20.html,,,,,,,
2,Conservation Corn,Corn after Soybean,Acre,,,1,,Annual,Harvest,Equipment,Variable,Haul ,,$7.47 ,$0.04/bushel * 198 bushels/acre,,https://www.extension.iastate.edu/agdm/crops/html/a1-20.html,,,,,,,
2,Conservation Corn,Corn after Soybean,Acre,,,1,,Annual,Harvest,Equipment,Fixed,Drying ,,$9.90 ,$0.05/bushel * 198 bushels/acre,,https://www.extension.iastate.edu/agdm/crops/html/a1-20.html,,,,,,,
2,Conservation Corn,Corn after Soybean,Acre,,,1,,Annual,Harvest,Equipment,Variable,Drying ,,$32.79 ,$0.17/bushel * 198 bushels/acre,,https://www.extension.iastate.edu/agdm/crops/html/a1-20.html,,,,,,,
2,Conservation Corn,Corn after Soybean,Acre,,,1,,Annual,Harvest,Equipment,Fixed,Handling ,,$3.49 ,$0.02/bushel * 198 bushels/acre,,https://www.extension.iastate.edu/agdm/crops/html/a1-20.html,,,,,,,
2,Conservation Corn,Corn after Soybean,Acre,,,1,,Annual,Harvest,Equipment,Variable,Handling ,,$3.83 ,$0.02/bushel * 198 bushels/acre,,https://www.extension.iastate.edu/agdm/crops/html/a1-20.html,,,,,,,
2,Conservation Corn,Corn after Soybean,Acre,,,1,1,Annual,Constant,Labor,Variable,Labor - Operator,0.067105263,$0.96 ,2.55 hrs/acre * $14.25/hr * .026315789,,https://www.extension.iastate.edu/agdm/crops/html/a1-20.html,,,,,,,
2,Conservation Corn,Corn after Soybean,Acre,,,1,2,Annual,Constant,Labor,Variable,Labor - Operator,0.067105263,$0.96 ,2.55 hrs/acre * $14.25/hr * .026315789,,https://www.extension.iastate.edu/agdm/crops/html/a1-20.html,,,,,,,
2,Conservation Corn,Corn after Soybean,Acre,,,1,3,Annual,Constant,Labor,Variable,Labor - Operator,0.067105263,$0.96 ,2.55 hrs/acre * $14.25/hr * .026315789,,https://www.extension.iastate.edu/agdm/crops/html/a1-20.html,,,,,,,
2,Conservation Corn,Corn after Soybean,Acre,,,1,4,Annual,Constant,Labor,Variable,Labor - Operator,0.067105263,$0.96 ,2.55 hrs/acre * $14.25/hr * .026315789,,https://www.extension.iastate.edu/agdm/crops/html/a1-20.html,,,,,,,
2,Conservation Corn,Corn after Soybean,Acre,,,1,5,Annual,Constant,Labor,Variable,Labor - Operator,0.067105263,$0.96 ,2.55 hrs/acre * $14.25/hr * .026315789,,https://www.extension.iastate.edu/agdm/crops/html/a1-20.html,,,,,,,
2,Conservation Corn,Corn after Soybean,Acre,,,1,6,Annual,Constant,Labor,Variable,Labor - Operator,0.067105263,$0.96 ,2.55 hrs/acre * $14.25/hr * .026315789,,https://www.extension.iastate.edu/agdm/crops/html/a1-20.html,,,,,,,
2,Conservation Corn,Corn after Soybean,Acre,,,1,7,Annual,Constant,Labor,Variable,Labor - Operator,0.067105263,$0.96 ,2.55 hrs/acre * $14.25/hr * .026315789,,https://www.extension.iastate.edu/agdm/crops/html/a1-20.html,,,,,,,
2,Conservation Corn,Corn after Soybean,Acre,,,1,8,Annual,Preharvest,Labor,Variable,Labor - Operator - Planting,0.201315789,$2.87 ,2.55 hrs/acre * $14.25/hr * .078947368,,https://www.extension.iastate.edu/agdm/crops/html/a1-20.html,,,,,,,
2,Conservation Corn,Corn after Soybean,Acre,,,1,9,Annual,Preharvest,Labor,Variable,Labor - Operator - Application,0.201315789,$2.87 ,2.55 hrs/acre * $14.25/hr * .078947368,,https://www.extension.iastate.edu/agdm/crops/html/a1-20.html,,,,,,,
2,Conservation Corn,Corn after Soybean,Acre,,,1,10,Annual,Preharvest,Labor,Variable,Labor - Operator - Application,0.201315789,$2.87 ,2.55 hrs/acre * $14.25/hr * .078947368,,https://www.extension.iastate.edu/agdm/crops/html/a1-20.html,,,,,,,
2,Conservation Corn,Corn after Soybean,Acre,,,1,11,Annual,Constant,Labor,Variable,Labor - Operator,0.067105263,$0.96 ,2.55 hrs/acre * $14.25/hr * .026315789,,https://www.extension.iastate.edu/agdm/crops/html/a1-20.html,,,,,,,
2,Conservation Corn,Corn after Soybean,Acre,,,1,12,Annual,Constant,Labor,Variable,Labor - Operator,0.067105263,$0.96 ,2.55 hrs/acre * $14.25/hr * .026315789,,https://www.extension.iastate.edu/agdm/crops/html/a1-20.html,,,,,,,
2,Conservation Corn,Corn after Soybean,Acre,,,1,13,Annual,Constant,Labor,Variable,Labor - Operator,0.067105263,$0.96 ,2.55 hrs/acre * $14.25/hr * .026315789,,https://www.extension.iastate.edu/agdm/crops/html/a1-20.html,,,,,,,
2,Conservation Corn,Corn after Soybean,Acre,,,1,14,Annual,Constant,Labor,Variable,Labor - Operator,0.067105263,$0.96 ,2.55 hrs/acre * $14.25/hr * .026315789,,https://www.extension.iastate.edu/agdm/crops/html/a1-20.html,,,,,,,
2,Conservation Corn,Corn after Soybean,Acre,,,1,15,Annual,Constant,Labor,Variable,Labor - Operator,0.067105263,$0.96 ,2.55 hrs/acre * $14.25/hr * .026315789,,https://www.extension.iastate.edu/agdm/crops/html/a1-20.html,,,,,,,
2,Conservation Corn,Corn after Soybean,Acre,,,1,16,Annual,Constant,Labor,Variable,Labor - Operator,0.067105263,$0.96 ,2.55 hrs/acre * $14.25/hr * .026315789,,https://www.extension.iastate.edu/agdm/crops/html/a1-20.html,,,,,,,
2,Conservation Corn,Corn after Soybean,Acre,,,1,17,Annual,Constant,Labor,Variable,Labor - Operator,0.067105263,$0.96 ,2.55 hrs/acre * $14.25/hr * .026315789,,https://www.extension.iastate.edu/agdm/crops/html/a1-20.html,,,,,,,
2,Conservation Corn,Corn after Soybean,Acre,,,1,18,Annual,Constant,Labor,Variable,Labor - Operator,0.067105263,$0.96 ,2.55 hrs/acre * $14.25/hr * .026315789,,https://www.extension.iastate.edu/agdm/crops/html/a1-20.html,,,,,,,
2,Conservation Corn,Corn after Soybean,Acre,,,1,19,Annual,Harvest,Labor,Variable,Labor - Operator - Harvest,0.201315789,$2.87 ,2.55 hrs/acre * $14.25/hr * .078947368,,https://www.extension.iastate.edu/agdm/crops/html/a1-20.html,,,,,,,
2,Conservation Corn,Corn after Soybean,Acre,,,1,20,Annual,Harvest,Labor,Variable,Labor - Operator - Harvest,0.201315789,$2.87 ,2.55 hrs/acre * $14.25/hr * .078947368,,https://www.extension.iastate.edu/agdm/crops/html/a1-20.html,,,,,,,
2,Conservation Corn,Corn after Soybean,Acre,,,1,21,Annual,Harvest,Labor,Variable,Labor - Operator - Harvest,0.201315789,$2.87 ,2.55 hrs/acre * $14.25/hr * .078947368,,https://www.extension.iastate.edu/agdm/crops/html/a1-20.html,,,,,,,
2,Conservation Corn,Corn after Soybean,Acre,,,1,22,Annual,Harvest,Labor,Variable,Labor - Operator - Harvest,0.201315789,$2.87 ,2.55 hrs/acre * $14.25/hr * .078947368,,https://www.extension.iastate.edu/agdm/crops/html/a1-20.html,,,,,,,
2,Conservation Corn,Corn after Soybean,Acre,,,1,23,Annual,Constant,Labor,Variable,Labor - Operator,0.067105263,$0.96 ,2.55 hrs/acre * $14.25/hr * .026315789,,https://www.extension.iastate.edu/agdm/crops/html/a1-20.html,,,,,,,
2,Conservation Corn,Corn after Soybean,Acre,,,1,24,Annual,Constant,Labor,Variable,Labor - Operator,0.067105263,$0.96 ,2.55 hrs/acre * $14.25/hr * .026315789,,https://www.extension.iastate.edu/agdm/crops/html/a1-20.html,,,,,,,
2,Conservation Corn,Corn after Soybean,Acre,,,1,,Annual,Constant,Other,Fixed,Cash Rent Equivalent ,,$223.00 ,$223/acre,,https://www.extension.iastate.edu/agdm/crops/html/a1-20.html,,,,,,,
4,Conservation Soybean,Soybean after Corn,,,,1,,Annual,Preharvest,Equipment,Fixed,Chisel plow ,,$3.60 ,,,https://www.extension.iastate.edu/agdm/crops/html/a1-20.html,,,,,,,
4,Conservation Soybean,Soybean after Corn,,,,1,,Annual,Preharvest,Equipment,Variable,Chisel plow ,,$3.90 ,,,https://www.extension.iastate.edu/agdm/crops/html/a1-20.html,,,,,,,
4,Conservation Soybean,Soybean after Corn,,,,1,,Annual,Preharvest,Equipment,Fixed,Tandem disk ,,$4.60 ,,,https://www.extension.iastate.edu/agdm/crops/html/a1-20.html,,,,,,,
4,Conservation Soybean,Soybean after Corn,,,,1,,Annual,Preharvest,Equipment,Variable,Tandem disk ,,$3.40 ,,,https://www.extension.iastate.edu/agdm/crops/html/a1-20.html,,,,,,,
4,Conservation Soybean,Soybean after Corn,,,,1,,Annual,Preharvest,Equipment,Fixed,Field cultivate ,,$2.70 ,,,https://www.extension.iastate.edu/agdm/crops/html/a1-20.html,,,,,,,
4,Conservation Soybean,Soybean after Corn,,,,1,,Annual,Preharvest,Equipment,Variable,Field cultivate ,,$2.70 ,,,https://www.extension.iastate.edu/agdm/crops/html/a1-20.html,,,,,,,
4,Conservation Soybean,Soybean after Corn,,,,1,,Annual,Preharvest,Equipment,Fixed,Plant ,,$5.90 ,,,https://www.extension.iastate.edu/agdm/crops/html/a1-20.html,,,,,,,
4,Conservation Soybean,Soybean after Corn,,,,1,,Annual,Preharvest,Equipment,Variable,Plant ,,$4.80 ,,,https://www.extension.iastate.edu/agdm/crops/html/a1-20.html,,,,,,,
4,Conservation Soybean,Soybean after Corn,,,,1,,Annual,Preharvest,Equipment,Fixed,Spray 1-2 ,,$2.20 ,$2.20/spray,,https://www.extension.iastate.edu/agdm/crops/html/a1-20.html,,,,,,,
4,Conservation Soybean,Soybean after Corn,,,,1,,Annual,Preharvest,Equipment,Variable,Spray 1-2 ,,$2.00 ,$2.00/spray,,https://www.extension.iastate.edu/agdm/crops/html/a1-20.html,,,,,,,
4,Conservation Soybean,Soybean after Corn,,,,1,,Annual,Preharvest,Input,Variable,Seed - Inputs,,$50.80 ,$50.80/unit * 1 unit/acre,,https://www.extension.iastate.edu/agdm/crops/html/a1-20.html,,,,,,,
4,Conservation Soybean,Soybean after Corn,,,,1,,Annual,Preharvest,Input,Variable,Phosphate,,$18.90 ,$0.42/lb * 45 lbs/acre,,https://www.extension.iastate.edu/agdm/crops/html/a1-20.html,,,,,,,
4,Conservation Soybean,Soybean after Corn,,,,1,,Annual,Preharvest,Input,Variable,Potash,,$26.04 ,$0.31/lb * 84 lbs/acre,,https://www.extension.iastate.edu/agdm/crops/html/a1-20.html,,,,,,,
4,Conservation Soybean,Soybean after Corn,,,,1,,Annual,Preharvest,Input,Variable,Lime,,$5.71 ,,,https://www.extension.iastate.edu/agdm/crops/html/a1-20.html,,,,,,,
4,Conservation Soybean,Soybean after Corn,,,,1,,Annual,Preharvest,Input,Variable,Herbicide,,$55.57 ,,,https://www.extension.iastate.edu/agdm/crops/html/a1-20.html,,,,,,,
4,Conservation Soybean,Soybean after Corn,,,,1,,Annual,Constant,Other,Variable,Crop Insurance,,$8.80 ,,,https://www.extension.iastate.edu/agdm/crops/html/a1-20.html,,,,,,,
4,Conservation Soybean,Soybean after Corn,,,,1,,Annual,Constant,Other,Variable,Miscellaneous,,$10.00 ,,,https://www.extension.iastate.edu/agdm/crops/html/a1-20.html,,,,,,,
4,Conservation Soybean,Soybean after Corn,,,,1,,Annual,Constant,Other,Variable,Interest on preharvest variable costs,,$7.78 ,6.0% for 8 months,,https://www.extension.iastate.edu/agdm/crops/html/a1-20.html,,,,,,,
4,Conservation Soybean,Soybean after Corn,,,,1,,Annual,Harvest,Equipment,Fixed,Combine ,,$8.40 ,,,https://www.extension.iastate.edu/agdm/crops/html/a1-20.html,,,,,,,
4,Conservation Soybean,Soybean after Corn,,,,1,,Annual,Harvest,Equipment,Variable,Combine ,,$4.10 ,,,https://www.extension.iastate.edu/agdm/crops/html/a1-20.html,,,,,,,
4,Conservation Soybean,Soybean after Corn,,,,1,,Annual,Harvest,Equipment,Fixed,Grain Cart ,,$6.30 ,,,https://www.extension.iastate.edu/agdm/crops/html/a1-20.html,,,,,,,
4,Conservation Soybean,Soybean after Corn,,,,1,,Annual,Harvest,Equipment,Variable,Grain Cart,,$3.00 ,,,https://www.extension.iastate.edu/agdm/crops/html/a1-20.html,,,,,,,
4,Conservation Soybean,Soybean after Corn,,,,1,,Annual,Harvest,Equipment,Fixed,Haul ,,$2.44 ,$0.0436482781510935/bushel * 56 bushels/acre,,https://www.extension.iastate.edu/agdm/crops/html/a1-20.html,,,,,,,
4,Conservation Soybean,Soybean after Corn,,,,1,,Annual,Harvest,Equipment,Variable,Haul ,,$2.11 ,$0.0377398792438272/bushel * 56 bushels/acre,,https://www.extension.iastate.edu/agdm/crops/html/a1-20.html,,,,,,,
4,Conservation Soybean,Soybean after Corn,,,,1,,Annual,Harvest,Equipment,Fixed,Handling ,,$0.99 ,$0.0176278512487621/bushel * 56 bushels/acre,,https://www.extension.iastate.edu/agdm/crops/html/a1-20.html,,,,,,,
4,Conservation Soybean,Soybean after Corn,,,,1,,Annual,Harvest,Equipment,Variable,Handling ,,$1.08 ,$0.0193228999583855/bushel * 56 bushels/acre,,https://www.extension.iastate.edu/agdm/crops/html/a1-20.html,,,,,,,
4,Conservation Soybean,Soybean after Corn,,,,1,1,Annual,Constant,Labor,Variable,Labor - Operator,0.051162791,$0.73 ,$14.25/hr * 2.2 hrs/acre * .023255814,,https://www.extension.iastate.edu/agdm/crops/html/a1-20.html,,,,,,,
4,Conservation Soybean,Soybean after Corn,,,,1,2,Annual,Constant,Labor,Variable,Labor - Operator,0.051162791,$0.73 ,$14.25/hr * 2.2 hrs/acre * .023255814,,https://www.extension.iastate.edu/agdm/crops/html/a1-20.html,,,,,,,
4,Conservation Soybean,Soybean after Corn,,,,1,3,Annual,Constant,Labor,Variable,Labor - Operator,0.051162791,$0.73 ,$14.25/hr * 2.2 hrs/acre * .023255814,,https://www.extension.iastate.edu/agdm/crops/html/a1-20.html,,,,,,,
4,Conservation Soybean,Soybean after Corn,,,,1,4,Annual,Constant,Labor,Variable,Labor - Operator,0.051162791,$0.73 ,$14.25/hr * 2.2 hrs/acre * .023255814,,https://www.extension.iastate.edu/agdm/crops/html/a1-20.html,,,,,,,
4,Conservation Soybean,Soybean after Corn,,,,1,5,Annual,Constant,Labor,Variable,Labor - Operator,0.051162791,$0.73 ,$14.25/hr * 2.2 hrs/acre * .023255814,,https://www.extension.iastate.edu/agdm/crops/html/a1-20.html,,,,,,,
4,Conservation Soybean,Soybean after Corn,,,,1,6,Annual,Constant,Labor,Variable,Labor - Operator,0.051162791,$0.73 ,$14.25/hr * 2.2 hrs/acre * .023255814,,https://www.extension.iastate.edu/agdm/crops/html/a1-20.html,,,,,,,
4,Conservation Soybean,Soybean after Corn,,,,1,7,Annual,Preharvest,Labor,Variable,Labor - Operator - Application,0.153488372,$2.19 ,$14.25/hr * 2.2 hrs/acre * .069767442,,https://www.extension.iastate.edu/agdm/crops/html/a1-20.html,,,,,,,
4,Conservation Soybean,Soybean after Corn,,,,1,8,Annual,Constant,Labor,Variable,Labor - Operator - Planting,0.153488372,$2.19 ,$14.25/hr * 2.2 hrs/acre * .069767442,,https://www.extension.iastate.edu/agdm/crops/html/a1-20.html,,,,,,,
4,Conservation Soybean,Soybean after Corn,,,,1,9,Annual,Constant,Labor,Variable,Labor - Operator - Planting,0.153488372,$2.19 ,$14.25/hr * 2.2 hrs/acre * .069767442,,https://www.extension.iastate.edu/agdm/crops/html/a1-20.html,,,,,,,
4,Conservation Soybean,Soybean after Corn,,,,1,9,Annual,Constant,Labor,Variable,Labor - Operator - Application,0.153488372,$2.19 ,$14.25/hr * 2.2 hrs/acre * .069767442,,https://www.extension.iastate.edu/agdm/crops/html/a1-20.html,,,,,,,
4,Conservation Soybean,Soybean after Corn,,,,1,10,Annual,Constant,Labor,Variable,Labor - Operator,0.051162791,$0.73 ,$14.25/hr * 2.2 hrs/acre * .023255814,,https://www.extension.iastate.edu/agdm/crops/html/a1-20.html,,,,,,,
4,Conservation Soybean,Soybean after Corn,,,,1,11,Annual,Constant,Labor,Variable,Labor - Operator,0.051162791,$0.73 ,$14.25/hr * 2.2 hrs/acre * .023255814,,https://www.extension.iastate.edu/agdm/crops/html/a1-20.html,,,,,,,
4,Conservation Soybean,Soybean after Corn,,,,1,12,Annual,Constant,Labor,Variable,Labor - Operator - Application,0.153488372,$2.19 ,$14.25/hr * 2.2 hrs/acre * .069767442,,https://www.extension.iastate.edu/agdm/crops/html/a1-20.html,,,,,,,
4,Conservation Soybean,Soybean after Corn,,,,1,13,Annual,Constant,Labor,Variable,Labor - Operator - Application,0.153488372,$2.19 ,$14.25/hr * 2.2 hrs/acre * .069767442,,https://www.extension.iastate.edu/agdm/crops/html/a1-20.html,,,,,,,
4,Conservation Soybean,Soybean after Corn,,,,1,14,Annual,Constant,Labor,Variable,Labor - Operator,0.051162791,$0.73 ,$14.25/hr * 2.2 hrs/acre * .023255814,,https://www.extension.iastate.edu/agdm/crops/html/a1-20.html,,,,,,,
4,Conservation Soybean,Soybean after Corn,,,,1,15,Annual,Constant,Labor,Variable,Labor - Operator,0.051162791,$0.73 ,$14.25/hr * 2.2 hrs/acre * .023255814,,https://www.extension.iastate.edu/agdm/crops/html/a1-20.html,,,,,,,
4,Conservation Soybean,Soybean after Corn,,,,1,16,Annual,Constant,Labor,Variable,Labor - Operator,0.051162791,$0.73 ,$14.25/hr * 2.2 hrs/acre * .023255814,,https://www.extension.iastate.edu/agdm/crops/html/a1-20.html,,,,,,,
4,Conservation Soybean,Soybean after Corn,,,,1,17,Annual,Constant,Labor,Variable,Labor - Operator,0.051162791,$0.73 ,$14.25/hr * 2.2 hrs/acre * .023255814,,https://www.extension.iastate.edu/agdm/crops/html/a1-20.html,,,,,,,
4,Conservation Soybean,Soybean after Corn,,,,1,18,Annual,Harvest,Labor,Variable,Labor - Operator - Harvest,0.153488372,$2.19 ,$14.25/hr * 2.2 hrs/acre * .069767442,,https://www.extension.iastate.edu/agdm/crops/html/a1-20.html,,,,,,,
4,Conservation Soybean,Soybean after Corn,,,,1,19,Annual,Harvest,Labor,Variable,Labor - Operator - Harvest,0.153488372,$2.19 ,$14.25/hr * 2.2 hrs/acre * .069767442,,https://www.extension.iastate.edu/agdm/crops/html/a1-20.html,,,,,,,
4,Conservation Soybean,Soybean after Corn,,,,1,20,Annual,Harvest,Labor,Variable,Labor - Operator - Harvest,0.153488372,$2.19 ,$14.25/hr * 2.2 hrs/acre * .069767442,,https://www.extension.iastate.edu/agdm/crops/html/a1-20.html,,,,,,,
4,Conservation Soybean,Soybean after Corn,,,,1,21,Annual,Constant,Labor,Variable,Labor - Operator,0.051162791,$0.73 ,$14.25/hr * 2.2 hrs/acre * .023255814,,https://www.extension.iastate.edu/agdm/crops/html/a1-20.html,,,,,,,
4,Conservation Soybean,Soybean after Corn,,,,1,22,Annual,Constant,Labor,Variable,Labor - Operator,0.051162791,$0.73 ,$14.25/hr * 2.2 hrs/acre * .023255814,,https://www.extension.iastate.edu/agdm/crops/html/a1-20.html,,,,,,,
4,Conservation Soybean,Soybean after Corn,,,,1,23,Annual,Constant,Labor,Variable,Labor - Operator,0.051162791,$0.73 ,$14.25/hr * 2.2 hrs/acre * .023255814,,https://www.extension.iastate.edu/agdm/crops/html/a1-20.html,,,,,,,
4,Conservation Soybean,Soybean after Corn,,,,1,24,Annual,Constant,Labor,Variable,Labor - Operator,0.051162791,$0.73 ,$14.25/hr * 2.2 hrs/acre * .023255814,,https://www.extension.iastate.edu/agdm/crops/html/a1-20.html,,,,,,,
4,Conservation Soybean,Soybean after Corn,,,,1,,Annual,Constant,Other,Fixed,Cash Rent Equivalent ,,$223.00 ,$223/acre,,https://www.extension.iastate.edu/agdm/crops/html/a1-20.html,,,,,,,
3,Conventional Soybean,Soybean after Corn,,,,1,,Annual,Preharvest,Equipment,Fixed,Chisel plow ,,$3.60 ,,,https://www.extension.iastate.edu/agdm/crops/html/a1-20.html,,,,,,,
3,Conventional Soybean,Soybean after Corn,,,,1,,Annual,Preharvest,Equipment,Variable,Chisel plow ,,$3.90 ,,,https://www.extension.iastate.edu/agdm/crops/html/a1-20.html,,,,,,,
3,Conventional Soybean,Soybean after Corn,,,,1,,Annual,Preharvest,Equipment,Fixed,Tandem disk ,,$4.60 ,,,https://www.extension.iastate.edu/agdm/crops/html/a1-20.html,,,,,,,
3,Conventional Soybean,Soybean after Corn,,,,1,,Annual,Preharvest,Equipment,Variable,Tandem disk ,,$3.40 ,,,https://www.extension.iastate.edu/agdm/crops/html/a1-20.html,,,,,,,
3,Conventional Soybean,Soybean after Corn,,,,1,,Annual,Preharvest,Equipment,Fixed,Field cultivate ,,$2.70 ,,,https://www.extension.iastate.edu/agdm/crops/html/a1-20.html,,,,,,,
3,Conventional Soybean,Soybean after Corn,,,,1,,Annual,Preharvest,Equipment,Variable,Field cultivate ,,$2.70 ,,,https://www.extension.iastate.edu/agdm/crops/html/a1-20.html,,,,,,,
3,Conventional Soybean,Soybean after Corn,,,,1,,Annual,Preharvest,Equipment,Fixed,Plant ,,$5.90 ,,,https://www.extension.iastate.edu/agdm/crops/html/a1-20.html,,,,,,,
3,Conventional Soybean,Soybean after Corn,,,,1,,Annual,Preharvest,Equipment,Variable,Plant ,,$4.80 ,,,https://www.extension.iastate.edu/agdm/crops/html/a1-20.html,,,,,,,
3,Conventional Soybean,Soybean after Corn,,,,1,,Annual,Preharvest,Equipment,Fixed,Spray 1-2 ,,$2.20 ,$2.20/spray,,https://www.extension.iastate.edu/agdm/crops/html/a1-20.html,,,,,,,
3,Conventional Soybean,Soybean after Corn,,,,1,,Annual,Preharvest,Equipment,Variable,Spray 1-2 ,,$2.00 ,$2.00/spray,,https://www.extension.iastate.edu/agdm/crops/html/a1-20.html,,,,,,,
3,Conventional Soybean,Soybean after Corn,,,,1,,Annual,Preharvest,Input,Variable,Seed ,,$50.80 ,$50.80/unit * 1 unit/acre,,https://www.extension.iastate.edu/agdm/crops/html/a1-20.html,,,,,,,
3,Conventional Soybean,Soybean after Corn,,,,1,,Annual,Preharvest,Input,Variable,Phosphate ,,$18.90 ,$0.42/lb * 45 lbs/acre,,https://www.extension.iastate.edu/agdm/crops/html/a1-20.html,,,,,,,
3,Conventional Soybean,Soybean after Corn,,,,1,,Annual,Preharvest,Input,Variable,Potash ,,$26.04 ,$0.31/lb * 84 lbs/acre,,https://www.extension.iastate.edu/agdm/crops/html/a1-20.html,,,,,,,
3,Conventional Soybean,Soybean after Corn,,,,1,,Annual,Preharvest,Input,Variable,Lime,,$5.71 ,,,https://www.extension.iastate.edu/agdm/crops/html/a1-20.html,,,,,,,
3,Conventional Soybean,Soybean after Corn,,,,1,,Annual,Preharvest,Input,Variable,Herbicide,,$55.57 ,,,https://www.extension.iastate.edu/agdm/crops/html/a1-20.html,,,,,,,
3,Conventional Soybean,Soybean after Corn,,,,1,,Annual,Constant,Other,Variable,Crop Insurance,,$8.80 ,,,https://www.extension.iastate.edu/agdm/crops/html/a1-20.html,,,,,,,
3,Conventional Soybean,Soybean after Corn,,,,1,,Annual,Constant,Other,Variable,Miscellaneous,,$10.00 ,,,https://www.extension.iastate.edu/agdm/crops/html/a1-20.html,,,,,,,
3,Conventional Soybean,Soybean after Corn,,,,1,,Annual,Constant,Other,Variable,Interest on preharvest variable costs,,$7.78 ,6.0% for 8 months,,https://www.extension.iastate.edu/agdm/crops/html/a1-20.html,,,,,,,
3,Conventional Soybean,Soybean after Corn,,,,1,,Annual,Harvest,Equipment,Fixed,Combine ,,$8.40 ,,,https://www.extension.iastate.edu/agdm/crops/html/a1-20.html,,,,,,,
3,Conventional Soybean,Soybean after Corn,,,,1,,Annual,Harvest,Equipment,Variable,Combine,,$4.10 ,,,https://www.extension.iastate.edu/agdm/crops/html/a1-20.html,,,,,,,
3,Conventional Soybean,Soybean after Corn,,,,1,,Annual,Harvest,Equipment,Fixed,Grain Cart ,,$6.30 ,,,https://www.extension.iastate.edu/agdm/crops/html/a1-20.html,,,,,,,
3,Conventional Soybean,Soybean after Corn,,,,1,,Annual,Harvest,Equipment,Variable,Grain Cart ,,$3.00 ,,,https://www.extension.iastate.edu/agdm/crops/html/a1-20.html,,,,,,,
3,Conventional Soybean,Soybean after Corn,,,,1,,Annual,Harvest,Equipment,Fixed,Haul,,$2.44 ,$0.0436482781510935/bushel * 56 bushels/acre,,https://www.extension.iastate.edu/agdm/crops/html/a1-20.html,,,,,,,
3,Conventional Soybean,Soybean after Corn,,,,1,,Annual,Harvest,Equipment,Variable,Haul ,,$2.11 ,$0.0377398792438272/bushel * 56 bushels/acre,,https://www.extension.iastate.edu/agdm/crops/html/a1-20.html,,,,,,,
3,Conventional Soybean,Soybean after Corn,,,,1,,Annual,Harvest,Equipment,Fixed,Handling ,,$0.99 ,$0.0176278512487621/bushel * 56 bushels/acre,,https://www.extension.iastate.edu/agdm/crops/html/a1-20.html,,,,,,,
3,Conventional Soybean,Soybean after Corn,,,,1,,Annual,Harvest,Equipment,Variable,Handling ,,$1.08 ,$0.0193228999583855/bushel * 56 bushels/acre,,https://www.extension.iastate.edu/agdm/crops/html/a1-20.html,,,,,,,
3,Conventional Soybean,Soybean after Corn,,,,1,1,Annual,Constant,Labor,Variable,Labor - Operator,0.051162791,$0.73 ,$14.25/hr * 2.2 hrs/acre * .023255814,,https://www.extension.iastate.edu/agdm/crops/html/a1-20.html,,,,,,,
3,Conventional Soybean,Soybean after Corn,,,,1,2,Annual,Constant,Labor,Variable,Labor - Operator,0.051162791,$0.73 ,$14.25/hr * 2.2 hrs/acre * .023255814,,https://www.extension.iastate.edu/agdm/crops/html/a1-20.html,,,,,,,
3,Conventional Soybean,Soybean after Corn,,,,1,3,Annual,Constant,Labor,Variable,Labor - Operator,0.051162791,$0.73 ,$14.25/hr * 2.2 hrs/acre * .023255814,,https://www.extension.iastate.edu/agdm/crops/html/a1-20.html,,,,,,,
3,Conventional Soybean,Soybean after Corn,,,,1,4,Annual,Constant,Labor,Variable,Labor - Operator,0.051162791,$0.73 ,$14.25/hr * 2.2 hrs/acre * .023255814,,https://www.extension.iastate.edu/agdm/crops/html/a1-20.html,,,,,,,
3,Conventional Soybean,Soybean after Corn,,,,1,5,Annual,Constant,Labor,Variable,Labor - Operator,0.051162791,$0.73 ,$14.25/hr * 2.2 hrs/acre * .023255814,,https://www.extension.iastate.edu/agdm/crops/html/a1-20.html,,,,,,,
3,Conventional Soybean,Soybean after Corn,,,,1,6,Annual,Constant,Labor,Variable,Labor - Operator,0.051162791,$0.73 ,$14.25/hr * 2.2 hrs/acre * .023255814,,https://www.extension.iastate.edu/agdm/crops/html/a1-20.html,,,,,,,
3,Conventional Soybean,Soybean after Corn,,,,1,7,Annual,Preharvest,Labor,Variable,Labor - Operator - Application,0.153488372,$2.19 ,$14.25/hr * 2.2 hrs/acre * .069767442,,https://www.extension.iastate.edu/agdm/crops/html/a1-20.html,,,,,,,
3,Conventional Soybean,Soybean after Corn,,,,1,8,Annual,Constant,Labor,Variable,Labor - Operator - Planting,0.153488372,$2.19 ,$14.25/hr * 2.2 hrs/acre * .069767442,,https://www.extension.iastate.edu/agdm/crops/html/a1-20.html,,,,,,,
3,Conventional Soybean,Soybean after Corn,,,,1,9,Annual,Constant,Labor,Variable,Labor - Operator - Planting,0.153488372,$2.19 ,$14.25/hr * 2.2 hrs/acre * .069767442,,https://www.extension.iastate.edu/agdm/crops/html/a1-20.html,,,,,,,
4,Conventional Soybean,Soybean after Corn,,,,1,9,Annual,Constant,Labor,Variable,Labor - Operator - Application,0.153488372,$2.19 ,$14.25/hr * 2.2 hrs/acre * .069767442,,https://www.extension.iastate.edu/agdm/crops/html/a1-20.html,,,,,,,
3,Conventional Soybean,Soybean after Corn,,,,1,10,Annual,Constant,Labor,Variable,Labor - Operator,0.051162791,$0.73 ,$14.25/hr * 2.2 hrs/acre * .023255814,,https://www.extension.iastate.edu/agdm/crops/html/a1-20.html,,,,,,,
3,Conventional Soybean,Soybean after Corn,,,,1,11,Annual,Constant,Labor,Variable,Labor - Operator,0.051162791,$0.73 ,$14.25/hr * 2.2 hrs/acre * .023255814,,https://www.extension.iastate.edu/agdm/crops/html/a1-20.html,,,,,,,
3,Conventional Soybean,Soybean after Corn,,,,1,12,Annual,Constant,Labor,Variable,Labor - Operator - Application,0.153488372,$2.19 ,$14.25/hr * 2.2 hrs/acre * .069767442,,https://www.extension.iastate.edu/agdm/crops/html/a1-20.html,,,,,,,
3,Conventional Soybean,Soybean after Corn,,,,1,13,Annual,Constant,Labor,Variable,Labor - Operator - Application,0.153488372,$2.19 ,$14.25/hr * 2.2 hrs/acre * .069767442,,https://www.extension.iastate.edu/agdm/crops/html/a1-20.html,,,,,,,
3,Conventional Soybean,Soybean after Corn,,,,1,14,Annual,Constant,Labor,Variable,Labor - Operator,0.051162791,$0.73 ,$14.25/hr * 2.2 hrs/acre * .023255814,,https://www.extension.iastate.edu/agdm/crops/html/a1-20.html,,,,,,,
3,Conventional Soybean,Soybean after Corn,,,,1,15,Annual,Constant,Labor,Variable,Labor - Operator,0.051162791,$0.73 ,$14.25/hr * 2.2 hrs/acre * .023255814,,https://www.extension.iastate.edu/agdm/crops/html/a1-20.html,,,,,,,
3,Conventional Soybean,Soybean after Corn,,,,1,16,Annual,Constant,Labor,Variable,Labor - Operator,0.051162791,$0.73 ,$14.25/hr * 2.2 hrs/acre * .023255814,,https://www.extension.iastate.edu/agdm/crops/html/a1-20.html,,,,,,,
3,Conventional Soybean,Soybean after Corn,,,,1,17,Annual,Constant,Labor,Variable,Labor - Operator,0.051162791,$0.73 ,$14.25/hr * 2.2 hrs/acre * .023255814,,https://www.extension.iastate.edu/agdm/crops/html/a1-20.html,,,,,,,
3,Conventional Soybean,Soybean after Corn,,,,1,18,Annual,Harvest,Labor,Variable,Labor - Operator - Harvest,0.153488372,$2.19 ,$14.25/hr * 2.2 hrs/acre * .069767442,,https://www.extension.iastate.edu/agdm/crops/html/a1-20.html,,,,,,,
3,Conventional Soybean,Soybean after Corn,,,,1,19,Annual,Harvest,Labor,Variable,Labor - Operator - Harvest,0.153488372,$2.19 ,$14.25/hr * 2.2 hrs/acre * .069767442,,https://www.extension.iastate.edu/agdm/crops/html/a1-20.html,,,,,,,
3,Conventional Soybean,Soybean after Corn,,,,1,20,Annual,Harvest,Labor,Variable,Labor - Operator - Harvest,0.153488372,$2.19 ,$14.25/hr * 2.2 hrs/acre * .069767442,,https://www.extension.iastate.edu/agdm/crops/html/a1-20.html,,,,,,,
3,Conventional Soybean,Soybean after Corn,,,,1,21,Annual,Constant,Labor,Variable,Labor - Operator,0.051162791,$0.73 ,$14.25/hr * 2.2 hrs/acre * .023255814,,https://www.extension.iastate.edu/agdm/crops/html/a1-20.html,,,,,,,
3,Conventional Soybean,Soybean after Corn,,,,1,22,Annual,Constant,Labor,Variable,Labor - Operator,0.051162791,$0.73 ,$14.25/hr * 2.2 hrs/acre * .023255814,,https://www.extension.iastate.edu/agdm/crops/html/a1-20.html,,,,,,,
3,Conventional Soybean,Soybean after Corn,,,,1,23,Annual,Constant,Labor,Variable,Labor - Operator,0.051162791,$0.73 ,$14.25/hr * 2.2 hrs/acre * .023255814,,https://www.extension.iastate.edu/agdm/crops/html/a1-20.html,,,,,,,
3,Conventional Soybean,Soybean after Corn,,,,1,24,Annual,Constant,Labor,Variable,Labor - Operator,0.051162791,$0.73 ,$14.25/hr * 2.2 hrs/acre * .023255814,,https://www.extension.iastate.edu/agdm/crops/html/a1-20.html,,,,,,,
3,Conventional Soybean,Soybean after Corn,,,,1,,Annual,Constant,Other,Fixed,Cash Rent Equivalent ,,$223.00 ,$223/acre,,https://www.extension.iastate.edu/agdm/crops/html/a1-20.html,,,,,,,
